1178 1997
99 113 878 183 boͤſen Geiſter / Das lIl. Buch. si
34 166 871 241 ſencket / vnnd bey dem bauch den affeet nach
31 224 876 297 vnd nach geoͤffnet / vnd jhm ſelbſt / nach dem
31 282 874 354 es jetzt faſt halb verzehret / einen außgang ge⸗
31 336 868 411 macht hat. Es haben ſich die Artzet zimlich
34 396 873 467 ob dieſer ſach mit einander erfaren. Er ſchꝛei
34 450 874 519 bet auch weiter im 2. Bůch Anathoͤmicorů
33 507 874 579 im 5. cap. Welche der meinung / daß ſie hal⸗
33 560 873 635 ten / die Vene Meſenteriaee haben jre orifi⸗
31 619 876 687 cia zwiſchen den weitern iñgeweiden / weil d
34 673 876 748 Menſch noch das leben hat / nach dem er a⸗
31 732 879 800 ber geſtoꝛben / ligens verboꝛgen / vnd ſind nit
33 787 876 860 mehr ſo ſcheinbar / dieſe jrꝛen treffenlichen
33 850 878 913 weit. Denn ſie vermeinen / es moͤgen gantze
34 898 878 968 ſtůcklein von der ſpeiß / durch die engen / din⸗
31 956 873 1030 nen zeſerlein an ſich gezogen werden: ſie weh
31 1020 874 1088 nen auch / daß die Jungkfrauw zů Venedig
34 1078 879 1138 ſo eben inn dieſem Sommer / als ich dieſes
34 1126 878 1194 werck vnder handen hatt / eine Nadlen vier
34 1181 878 1258 finger lang / welche ſie gantz ſchlaͤfferig vn⸗
34 1243 871 1311 der den zeenen hielt / vnnd als ſie entnuckt /
34 1293 873 1367 verſchlucket / diehabe dieſelbige nadlen / nach
33 1351 871 1419 zehen Monatē mit groſſem ſchmertzē durch
36 1407 876 1481 den Vrinam wider von jr gegeben / dieweil
34 1469 876 1532 inn der blatern auß zaͤhen / ſchleimechtigen
36 1517 879 1594 feuchtigkeitē / ſo ſich zuſamen gſetzt / ein ſtein
34 1575 881 1675 vmb die Nadſen her gewachſen war / eincs
708 1632 881 1707 Huͤner⸗
