1181 1996
301 148 365 207 52
450 133 979 202 Von verblendung der
302 179 1142 264 Huͤnereyes groͤſſe / vnd halten gentzlich / diſe
307 242 1142 319 Nadel ſeye zum aller erſten vonn den venis
306 292 1142 372 Meſenteriacis gefaſſet woꝛden. An eim fuͤr⸗
309 350 1144 434 gchen můß ich melden / daß dieſes Exempel
307 405 1144 480 der Nadlen / ſo durch den vrinam wider ge⸗
309 462 1142 547 geben woꝛden / jren viel / ſo der Anathomi vn
311 517 1141 605 gegruͤndēt / bewegt hat / daß ſie / aber jrꝛend /
309 573 1144 653 gehalten haben / ſie ſeie durch die venas Me⸗
306 630 1141 715 ſaraicas / von dem Magen / gegen der lebern /
307 696 1146 763 vnd von dannen / durch die venam maioꝛem
311 741 1146 825 gegen den Nieren / vnd letſtlich in die blaſen
306 798 1146 881 geruckt / vermeinende / es ſeyen die Dra fi⸗
304 853 1144 928 bꝛarum an den lebendigen ſo weit / daß ſie der
304 908 1142 989 nadlen wol faͤhig geweſen ſeien. So ſie doch
306 966 1146 1039 in der warheit / durch jr ſcherpffe / je lenger je
304 1022 1147 1099 mehr / ſo ein lange zeit durch die eingeweide
307 1077 1146 1157 gefreſſen (denn was von der Natur getrie⸗
306 1132 1146 1205 ben wirdt / das machet jhm ein ſtraß) dar⸗
304 1187 1147 1269 nach durch die Blaſen / an dem oꝛt / da ſie et⸗
304 1242 1144 1322 was fleiſchechtiger iſt / vnd zu letſt durch den
304 1302 1142 1380 Meatum vrinarium / herauß gegangen.
307 1358 1144 1435 Gleicher weiſe iſt auch zu vrtheilen vonn
304 1415 1142 1493 dem pfeileiſen / welche inn zweyen gantzen
304 1468 1144 1551 jaren / auß anleitung der Natur / die partes
304 1521 1142 1606 ſo volkoͤmlich zum außgang / durchſchnit⸗
306 1580 1146 1691 ten hat: Welchesich denn auch mit viel an⸗
1041 1645 1142 1713 dern
