1185 1997
86 113 865 188 boͤſen Geiſter / Das lll. Buch. 13
28 174 867 246 dern wunderbarlichen Exempeln beybrin⸗
29 231 865 306 gen moͤchte. Im jar / als man zelet nach Chꝛi
29 291 865 361 ſti geburt / :5 49. ſagt man: Es weren im
31 344 865 409 Vngerland / an dem Fluß Thayſe Men⸗
28 399 858 467 ſchen gefunden woꝛden / inn welcher leiben /
26 464 863 529 volkomene Ottern vnnd Heldechßlein ge⸗
28 514 865 584 wachſen weren: Ob aber ſolches zu glauben
26 570 863 639 oder nicht / wil ich andere vrtheilen laſſen.
29 632 865 690 Wiewol mir vnuerborgen / daß vnderweilē
28 682 863 757 ſcheutzliche Wuͤrm / auß natuͤrlichen vrſa⸗
26 735 865 803 chen inn menſchlichem leib wachſen. Das
26 792 867 863 Maͤgetlein / von welchem / das es ein Schla
24 853 867 920 gen im magen habe / vñ von derſelbigē / ſo ſie
28 910 860 980 jr biß in den ſchlund herauff ſtieg / hertiglich
24 965 863 1036 gepeiniget werde / ein red außgegangē / iſt vn
26 1025 867 1091 drr meiner eignen eur geweſen / vñ vs Got⸗
28 1075 870 1148 tes gnadē wol geneſen. Es hat ſich auch vor
28 1133 867 1204 fuͤnff ajren vngefehrlich zůgetragen / wie deñ
29 1189 863 1258 ſolches glaubwirdige leute bezeuget haben /
26 1249 870 1316 daß in der Inſel bey Maſerum / ein Baurs⸗
26 1309 867 1369 mann / nach langwirigem bauchwehe / als er
26 1357 870 1426 auff ein zeit einen Teriack darwider einge⸗
26 1412 868 1486 nomen / einen Wurm acht ſchůch lang / ei⸗
28 1472 872 1539 nes fingers dick / mit gehoͤmtem maul / einē
28 1529 868 1599 Entenſchnabel nit vnaͤhnlich / außgeworf⸗
31 1579 867 1669 fen hat. Ich hab auch ſelber runde kuͤgelein /
747 1637 870 1717 einer
592 1639 679 1717 f ij
