1175 1996
297 126 968 192 34 Von verblendunc der
294 181 1138 249 einer fauſt groß / eingenchet / vnd mit andern
294 237 1140 306 kleinen weichen kůgelein hart außgefuͤlt / wel
296 294 1138 362 che auß junger / geſunder rindern / ſo gemetz⸗
302 347 1136 425 get / magen vnd iñgeweid herauß genomen
299 409 1138 479 worden / etliche jar lang bey mir gehabt. Es
299 459 1138 528 wuͤrden ohn zweiffel jr viel ſchreien / es werē
299 513 1141 593 ſolche durchs Hexenwerck hinein beſchworē
297 575 1140 643 woꝛden / aber wir woͤllen verſuchen / ob wir
297 628 1141 705 etwas natuͤrlicher vrſachen ergruͤndē moͤch⸗
297 683 1141 755 ten. Weil die Kaͤlber noch ſaugen / begibt
301 740 1140 818 ſich offt / wenn ſie narung mangelbar / oder
301 796 1138 874 ſonſt jugent halb / frech vnnd geil / daß ſie der
299 851 1141 923 ſaugkůw / oder andern kuͤwen zůlauffen / vñ
299 909 1143 979 die bein / oder welches harechtigs oꝛt ſie mit
299 964 1141 1036 dem maul ergreiffen / vorauß aber die hindn
301 1021 1140 1089 huͤfft / ſo mit groſſer begird außſaugen / daß
299 1077 1143 1144 ſiees gantz blůͤtrot machen / daher denn die
301 1134 1141 1209 haar / durch das ſtarck vnd ſtete ſaugē / in den
299 1189 1141 1257 magen gezogen / vnnd von teglichem ſprin⸗
301 1245 1143 1320 gen vnd gumpen der jungen Kaͤlber / je len⸗
301 1302 1141 1377 ger je meh: zuſamen gekůglet / mehꝛer theils
299 1360 1140 1433 auch mit milch / dem chylo / oder pitnitiſcher
304 1420 1141 1487 zeher feuchtigkeit vberzogen wirdt / welche
299 1470 1141 1538 materi vber ein zeitlang etwas erhartet / vnd
299 1525 1140 1601 ſich in ein heutlein verkehret. Denn als bald
299 1585 1141 1666 das heutlein mit welchem die kuͤgelein vber⸗
996 1643 1133 1728 zogen /
