1178 1997
91 113 879 181 boͤſen Geiſter / Das lll. Buch. 3s
36 164 878 244 zogen / auffgeſchnitten war / hat es ſich / als
33 221 878 299 ein weiſſe / ſchleimechtige ſubſtantz anſehen
33 277 874 349 laſſen:als es aber aller gemacheſt ertrocknet /
33 336 879 404 ward es einem ſchwartzen leder nicht vn⸗
34 389 873 472 gleich / als aber die ſchwertze an einem orth
34 445 878 519 mit einem meſſerlein auffgehauwen / haben
39 505 876 579 ſich einer geſtalt haͤrlein / wie mans an voꝛ⸗
38 560 874 637 gemelten oꝛten ſicht / gantz hart zuſammen
39 619 874 692 gebachen ſehen laſſen. Dieſer meinung wer⸗
36 668 874 742 den ohn allen zweiffel beyfall thůn alle die /
38 727 878 800 welche mit Vieheartzney vmbgchen / vñ des
44 782 879 863 Viehes aufferziehung fleiſſig haben warge⸗
38 840 879 913 nommen. Alſo wil ich nun / daß natůrlichen
39 901 881 968 vrſachen nichts genommen werde / ſie ſeyen
44 958 881 1030 gleich augenſcheinlich vnnd offenbar / oder
41 1008 879 1081 auch heimlich vnd verbogen. Aber jedoch
43 1065 884 1143 ſo rede ich von denen dingen / welche auſſer⸗
43 1121 879 1199 halb dem allgemeinen lauff der Natur / auff
44 1176 888 1246 weiß vnnd maß / die vns vnbekañt von dem
44 1233 884 1306 tauſentliſtigen Sathan / durch ſeinen trug
46 1291 884 1366 vñ verblendung zuwegen gebracht werden /
46 1347 888 1426 damit er die vngleubigen inn ſein netz brin⸗
49 1399 888 1482 ge. Darzů jhm denn kein Menſch warli⸗
48 1454 889 1541 chen / ſonder allein durch einbildunghuͤlff be
51 1514 888 1592 weiſet. Solche ding werden gemeingklich
54 1570 896 1662 enwerck vnnd Zauberwerck (von deren
753 1632 894 1710 wegen
538 1627 629 1705 f ii
