<?xml version="1.0" encoding="UTF-8"  standalone="yes"?>
<PcGts xmlns="http://schema.primaresearch.org/PAGE/gts/pagecontent/2019-07-15" xmlns:xsi="http://www.w3.org/2001/XMLSchema-instance" xsi:schemaLocation="http://schema.primaresearch.org/PAGE/gts/pagecontent/2019-07-15 http://schema.primaresearch.org/PAGE/gts/pagecontent/2019-07-15/pagecontent.xsd">
  <Metadata externalRef="https://content.staatsbibliothek-berlin.de/dc/813172837-0106/full/full/0/default.jpg">
	<Creator>escriptorium</Creator>
	<Created>2023-03-06T11:57:45.807452+00:00</Created>
        <LastChange>2023-03-06T11:57:45.807469+00:00</LastChange>

  </Metadata>
  <Page imageFilename="105_63a3b_default.jpg" imageWidth="1178" imageHeight="1997">

    
    <TextRegion id="eSc_textblock_9c1af28a"  >
      <Coords points="306,119 951,119 1013,173 1144,186 1144,1695 1059,1695 1011,1642 299,1635 306,119"/>
      
      
      <TextLine id="eSc_line_525928ba" >
        <Coords points="961,129 944,119 928,119 911,119 894,119 878,119 861,119 844,119 843,119 816,123 799,124 794,123 784,119 778,119 761,119 748,119 743,123 739,124 733,123 721,119 711,119 694,119 678,119 661,119 644,119 628,119 611,119 608,123 603,128 551,128 541,121 538,119 528,119 511,119 494,119 478,119 461,119 444,119 441,119 439,121 426,128 294,121 296,173 296,181 974,181 976,166 968,136 961,129"/>
        <Baseline points="296,173 976,166"/>
        <TextEquiv>
          <Unicode>ks en dVVon verblendung der</Unicode>
        </TextEquiv>
      </TextLine>

      
      
      <TextLine id="eSc_line_717bd0cb" >
        <Coords points="1128,184 1111,183 1094,181 1078,179 1076,178 1076,179 1074,178 1061,178 1044,176 1028,174 1018,173 1014,178 1011,181 873,181 859,179 821,171 819,171 818,171 796,179 791,181 784,179 736,171 734,171 733,171 731,171 721,181 698,173 696,173 694,173 693,173 666,181 664,183 663,181 654,174 654,173 653,173 651,173 564,173 563,173 561,173 526,183 388,176 386,176 294,186 296,229 296,237 436,247 438,247 508,237 521,236 539,237 641,246 643,246 689,236 694,236 701,236 783,244 784,244 836,236 844,234 849,236 878,244 879,244 881,244 883,244 919,234 931,232 946,234 998,242 999,242 1138,232 1139,222 1134,184 1128,184"/>
        <Baseline points="296,229 1139,222"/>
        <TextEquiv>
          <Unicode>wegd geenn offt die vnſchuldigen angeklagt</Unicode>
        </TextEquiv>
      </TextLine>

      
      
      <TextLine id="eSc_line_eab78838" >
        <Coords points="954,224 953,224 933,234 921,241 846,236 753,231 751,231 749,231 748,231 739,237 738,241 734,237 716,226 709,227 704,227 693,239 689,239 653,231 651,231 649,231 621,241 613,242 604,241 569,227 568,227 559,227 543,227 526,227 509,227 493,229 476,229 461,229 459,229 458,229 458,231 443,242 441,246 381,246 378,244 333,229 331,229 329,229 328,229 293,242 294,282 294,294 1138,287 1138,276 1134,232 1068,226 1066,226 1064,226 1063,226 1063,227 1056,232 1048,239 1014,234 956,224 954,224"/>
        <Baseline points="294,282 1138,276"/>
        <TextEquiv>
          <Unicode>vnn ſtrafft werden) genennet. Von ſol⸗</Unicode>
        </TextEquiv>
      </TextLine>

      
      
      <TextLine id="eSc_line_0447a93e" >
        <Coords points="294,341 294,357 359,349 636,351 796,352 798,352 1134,341 1136,332 1131,281 1089,289 1006,282 968,281 966,281 964,281 963,281 959,284 949,291 893,286 871,284 869,284 843,287 798,292 793,287 789,286 789,284 788,284 786,284 784,284 783,284 773,289 764,292 741,289 708,284 706,284 594,292 564,294 548,294 451,287 449,287 448,287 446,287 446,289 439,294 429,287 428,287 426,287 308,287 306,287 304,287 303,287 293,294 294,341"/>
        <Baseline points="294,341 1136,332"/>
        <TextEquiv>
          <Unicode>chen / wie gemeldet / iſt dieſe meine diſputatio</Unicode>
        </TextEquiv>
      </TextLine>

      
      
      <TextLine id="eSc_line_3d544077" >
        <Coords points="296,397 296,407 1138,401 1138,389 1131,336 1104,344 1029,337 1006,336 1004,336 1003,336 1001,336 999,337 991,344 901,339 843,337 841,337 839,337 831,341 823,346 813,341 803,337 801,337 799,337 798,337 786,342 773,347 766,342 763,339 761,339 759,339 758,339 693,344 619,349 564,346 463,341 461,341 294,351 296,397"/>
        <Baseline points="296,397 1138,389"/>
        <TextEquiv>
          <Unicode>angeſehen / zů dem zwech daß die warheit voͤ</Unicode>
        </TextEquiv>
      </TextLine>

      
      
      <TextLine id="eSc_line_ed5dbcc6" >
        <Coords points="589,396 588,396 586,396 583,399 571,406 553,399 548,397 546,397 544,397 543,397 538,399 519,406 296,402 298,450 298,460 1133,464 1136,445 1129,394 1111,402 1076,394 1071,394 1069,394 1063,394 1018,404 946,404 938,396 936,394 934,394 933,394 931,394 913,396 853,404 821,397 816,396 814,396 813,396 811,396 808,397 789,406 724,406 716,397 714,396 713,396 711,396 709,396 693,397 653,404 614,399 591,396 589,396"/>
        <Baseline points="298,450 1136,445"/>
        <TextEquiv>
          <Unicode>der luͤgen vnderſcheiden / vñ erkañt des Teuf</Unicode>
        </TextEquiv>
      </TextLine>

      
      
      <TextLine id="eSc_line_f3cd2cf8" >
        <Coords points="299,509 299,524 1141,519 1141,502 1133,460 1084,460 1083,459 1066,449 1064,449 1063,449 1061,449 964,459 963,459 948,449 946,449 944,449 943,449 941,449 923,459 918,462 813,462 809,459 801,450 799,450 798,450 796,450 794,450 793,450 793,452 784,459 783,459 738,452 736,452 734,452 716,459 706,462 679,459 629,452 628,452 581,459 564,460 559,459 544,452 543,452 541,452 429,454 428,454 426,454 421,459 413,464 384,459 359,454 358,454 298,457 299,509"/>
        <Baseline points="299,509 1141,502"/>
        <TextEquiv>
          <Unicode>fels geſpoͤtt / nach dem es im grund verſtan⸗</Unicode>
        </TextEquiv>
      </TextLine>

      
      
      <TextLine id="eSc_line_5b5f64e3" >
        <Coords points="298,565 298,582 578,572 983,575 996,575 998,575 999,575 1046,567 1136,574 1139,555 1136,507 744,507 743,507 741,507 736,509 713,515 621,509 603,509 601,509 599,509 596,509 568,517 481,510 476,510 474,510 471,510 409,519 296,512 298,565"/>
        <Baseline points="298,565 1139,555"/>
        <TextEquiv>
          <Unicode>den / verachtet / vnd vnſchuldigem blůt nun</Unicode>
        </TextEquiv>
      </TextLine>

      
      
      <TextLine id="eSc_line_59a6c171" >
        <Coords points="299,617 299,629 1139,625 1141,614 1133,570 1103,562 1101,562 1099,562 1013,570 1004,564 1004,562 1003,562 1001,562 999,562 998,562 996,562 984,570 866,562 864,562 743,570 711,574 583,574 579,570 571,564 569,564 568,564 566,564 531,570 516,572 298,570 299,617"/>
        <Baseline points="299,617 1141,614"/>
        <TextEquiv>
          <Unicode>hinfůro verſchonet werde: Ja das / mit bil⸗</Unicode>
        </TextEquiv>
      </TextLine>

      
      
      <TextLine id="eSc_line_33abd0aa" >
        <Coords points="299,677 299,683 804,688 806,688 1126,685 1128,685 1144,675 1144,668 1133,625 1013,619 1011,619 813,629 786,629 778,629 716,620 714,620 713,620 711,620 703,629 701,629 686,629 469,622 468,622 466,622 446,630 441,632 438,630 419,624 418,624 416,624 298,630 299,677"/>
        <Baseline points="299,677 1144,668"/>
        <TextEquiv>
          <Unicode>lichem vrtheil / die anklaͤger / der armen wei⸗</Unicode>
        </TextEquiv>
      </TextLine>

      
      
      <TextLine id="eSc_line_df58fee5" >
        <Coords points="631,675 614,675 598,675 581,675 569,675 543,683 363,677 348,677 331,677 314,677 309,677 298,683 299,730 299,738 858,747 859,747 861,747 878,738 1071,745 1073,745 1143,733 1143,725 1139,682 638,673 631,675"/>
        <Baseline points="299,730 1143,725"/>
        <TextEquiv>
          <Unicode>ber / ſo rechte Teuffelsknecht ſind (man nen⸗</Unicode>
        </TextEquiv>
      </TextLine>

      
      
      <TextLine id="eSc_line_75a76802" >
        <Coords points="299,787 299,797 1139,797 1141,782 1133,740 1024,730 1023,730 1021,730 1001,740 934,728 933,728 931,728 893,740 844,732 843,732 841,732 821,742 726,733 724,733 723,733 699,742 688,732 686,732 684,732 683,732 681,732 641,742 629,732 629,730 628,730 626,730 594,730 593,730 456,743 363,732 361,732 359,732 358,732 358,733 348,742 311,737 309,737 308,737 306,737 298,742 299,787"/>
        <Baseline points="299,787 1141,782"/>
        <TextEquiv>
          <Unicode>net ſie gemeinlich diuinos oder Warſager /</Unicode>
        </TextEquiv>
      </TextLine>

      
      
      <TextLine id="eSc_line_1c94265b" >
        <Coords points="301,842 301,858 424,852 459,857 478,860 479,860 481,860 489,857 501,852 511,857 518,860 519,860 521,860 523,860 524,860 529,857 538,852 564,857 591,860 593,860 614,855 633,852 656,855 693,860 694,860 749,853 784,850 801,853 826,858 828,858 829,858 849,853 858,850 861,852 866,857 866,858 868,858 869,858 871,858 873,858 884,852 889,850 931,852 1069,858 1071,858 1134,848 1136,838 1133,795 879,787 878,787 876,787 874,787 864,797 768,797 728,787 726,787 724,787 684,797 683,797 464,788 463,788 424,797 403,788 401,788 399,788 398,788 364,797 319,788 318,788 316,788 314,788 299,795 301,842"/>
        <Baseline points="301,842 1136,838"/>
        <TextEquiv>
          <Unicode>ich aber halts fuͤr maleficos vnd luͤgenſager)</Unicode>
        </TextEquiv>
      </TextLine>

      
      
      <TextLine id="eSc_line_97e2d111" >
        <Coords points="301,896 301,906 1144,905 1144,896 1136,852 1116,845 1114,845 1113,845 531,853 439,845 438,845 436,845 434,845 434,847 426,855 301,855 301,896"/>
        <Baseline points="301,896 1144,896"/>
        <TextEquiv>
          <Unicode>von gericht vnnd recht / wider alte / boͤſe / ge⸗</Unicode>
        </TextEquiv>
      </TextLine>

      
      
      <TextLine id="eSc_line_bf0ea248" >
        <Coords points="301,953 301,965 1141,963 1141,953 1134,908 1081,900 1079,900 1018,908 888,900 886,900 884,900 883,900 883,901 874,910 758,910 739,900 738,900 736,900 649,908 631,900 629,900 516,900 514,900 474,908 444,900 443,900 441,900 301,908 301,953"/>
        <Baseline points="301,953 1141,953"/>
        <TextEquiv>
          <Unicode>wonheit / ſo bißher ein lange zeit eingeriſſen /</Unicode>
        </TextEquiv>
      </TextLine>

      
      
      <TextLine id="eSc_line_f815359b" >
        <Coords points="1109,955 1108,955 1061,963 1001,955 999,955 998,955 996,955 979,966 966,955 964,955 963,955 953,955 936,955 934,955 933,955 931,955 929,955 929,956 918,968 719,968 631,955 629,955 628,955 626,955 626,956 613,968 494,968 473,956 471,956 469,956 468,956 466,956 466,958 461,961 451,955 449,955 448,955 436,955 419,955 403,955 386,955 369,955 353,955 336,955 319,955 318,955 316,955 314,955 313,955 313,956 303,965 303,1010 303,1023 1144,1021 1144,1010 1138,965 1111,955 1109,955"/>
        <Baseline points="303,1010 1144,1010"/>
        <TextEquiv>
          <Unicode>weit hindan getriebeu werden . Es hat D.</Unicode>
        </TextEquiv>
      </TextLine>

      
      
      <TextLine id="eSc_line_6f0d69cf" >
        <Coords points="301,1068 301,1075 1146,1071 1146,1063 1141,1011 299,1013 301,1068"/>
        <Baseline points="301,1068 1146,1063"/>
        <TextEquiv>
          <Unicode>Solenander / auch ein ſolche kůͤglen oder bal</Unicode>
        </TextEquiv>
      </TextLine>

      
      
      <TextLine id="eSc_line_0bdde588" >
        <Coords points="883,1065 881,1065 879,1065 849,1070 826,1073 811,1070 796,1066 781,1066 776,1066 749,1071 714,1076 661,1071 613,1068 611,1068 583,1073 563,1076 544,1073 514,1068 514,1068 498,1068 496,1068 474,1075 466,1076 464,1075 458,1068 448,1068 431,1068 414,1068 398,1068 381,1068 364,1068 358,1075 319,1068 314,1068 313,1066 311,1066 309,1066 308,1066 306,1066 298,1071 299,1121 299,1131 1136,1136 1139,1118 1134,1066 898,1075 889,1068 884,1065 883,1065"/>
        <Baseline points="299,1121 1139,1118"/>
        <TextEquiv>
          <Unicode>len hinder jhme / gantz leicht / eines eyes groß</Unicode>
        </TextEquiv>
      </TextLine>

      
      
      <TextLine id="eSc_line_7fbbf6b4" >
        <Coords points="301,1178 301,1191 1143,1183 1144,1174 1134,1129 721,1123 719,1123 718,1123 716,1123 706,1131 368,1124 366,1124 299,1133 301,1178"/>
        <Baseline points="301,1178 1144,1174"/>
        <TextEquiv>
          <Unicode>vnnd rund / welchce zů Piſen auß dem colo</Unicode>
        </TextEquiv>
      </TextLine>

      
      
      <TextLine id="eSc_line_4f1c09ba" >
        <Coords points="301,1234 301,1243 388,1251 389,1251 391,1251 408,1243 409,1243 584,1243 588,1243 611,1251 613,1251 614,1251 616,1251 618,1251 626,1243 628,1243 633,1243 698,1251 699,1251 701,1251 728,1243 736,1241 861,1241 863,1243 869,1248 869,1249 871,1249 873,1249 874,1249 1143,1241 1144,1231 1134,1189 1066,1189 1066,1188 1056,1179 1054,1179 1053,1179 1051,1179 988,1188 984,1188 963,1178 961,1178 879,1178 878,1178 876,1178 874,1178 874,1179 864,1188 863,1188 806,1178 804,1178 739,1188 719,1189 708,1188 686,1181 684,1181 683,1181 644,1186 626,1189 621,1186 613,1179 611,1179 609,1179 608,1179 606,1179 604,1179 594,1186 588,1191 473,1191 464,1186 458,1181 456,1181 454,1181 453,1181 451,1181 441,1186 438,1188 436,1186 428,1179 426,1179 424,1179 423,1179 391,1186 373,1189 354,1186 329,1179 328,1179 326,1179 299,1184 301,1234"/>
        <Baseline points="301,1234 1144,1231"/>
        <TextEquiv>
          <Unicode>inteſtino einer jungen Kůͤw iſt herauß ge⸗</Unicode>
        </TextEquiv>
      </TextLine>

      
      
      <TextLine id="eSc_line_5c2917aa" >
        <Coords points="714,1234 713,1234 639,1244 403,1234 401,1234 399,1234 398,1234 379,1246 299,1246 299,1286 298,1296 1143,1296 1144,1289 1134,1246 1086,1236 1084,1236 881,1246 874,1246 844,1236 843,1236 841,1236 839,1236 818,1246 816,1246 764,1236 763,1236 761,1236 759,1236 748,1246 716,1234 714,1234"/>
        <Baseline points="299,1286 1144,1289"/>
        <TextEquiv>
          <Unicode>nommen worden: dieſe kůͤgel war einer Po⸗</Unicode>
        </TextEquiv>
      </TextLine>

      
      
      <TextLine id="eSc_line_d76be001" >
        <Coords points="299,1346 299,1354 719,1362 721,1362 1146,1352 1146,1342 1143,1299 298,1299 299,1346"/>
        <Baseline points="299,1346 1146,1342"/>
        <TextEquiv>
          <Unicode>merantzen alſo gleich / wenn ſie nit mehr deñ</Unicode>
        </TextEquiv>
      </TextLine>

      
      
      <TextLine id="eSc_line_a37b1de5" >
        <Coords points="299,1397 298,1412 421,1416 423,1416 424,1416 426,1416 431,1412 439,1407 478,1412 511,1416 513,1416 538,1412 561,1407 581,1411 603,1416 604,1416 636,1411 659,1407 664,1411 671,1416 673,1416 674,1416 676,1416 761,1411 788,1409 804,1411 879,1417 881,1417 953,1409 958,1409 963,1409 1014,1417 1016,1417 1091,1409 1111,1417 1113,1417 1114,1417 1116,1417 1141,1407 1143,1401 1143,1356 299,1352 299,1397"/>
        <Baseline points="299,1397 1143,1401"/>
        <TextEquiv>
          <Unicode>auch der farb geweſen were (denn ſie war</Unicode>
        </TextEquiv>
      </TextLine>

      
      
      <TextLine id="eSc_line_2e291f6b" >
        <Coords points="301,1457 301,1472 1144,1466 1144,1457 1136,1414 1001,1414 1001,1412 993,1406 993,1404 991,1404 989,1404 988,1404 944,1412 939,1412 931,1412 866,1404 864,1404 819,1411 808,1412 781,1411 676,1404 674,1404 673,1404 658,1411 653,1412 646,1411 624,1404 623,1404 621,1404 619,1404 604,1411 598,1412 591,1411 576,1404 574,1404 573,1404 571,1404 556,1409 548,1412 538,1409 518,1404 516,1404 514,1404 301,1407 301,1457"/>
        <Baseline points="301,1457 1144,1457"/>
        <TextEquiv>
          <Unicode>ſchwartz) daß ſie keiner allein mit dem ge⸗</Unicode>
        </TextEquiv>
      </TextLine>

      
      
      <TextLine id="eSc_line_f6e666e1" >
        <Coords points="1114,1459 1113,1459 1039,1469 1034,1469 1028,1469 964,1459 963,1459 961,1459 943,1467 938,1469 931,1467 901,1459 899,1459 898,1459 896,1459 878,1466 869,1469 844,1466 791,1459 784,1459 769,1459 751,1464 741,1467 726,1464 701,1459 701,1459 686,1459 671,1464 658,1469 596,1469 584,1462 578,1459 568,1459 564,1459 558,1462 548,1466 301,1459 301,1511 299,1526 501,1521 516,1527 523,1529 524,1529 526,1529 611,1526 724,1522 736,1526 754,1531 756,1531 758,1531 759,1531 769,1526 774,1522 778,1526 784,1531 786,1531 788,1531 789,1531 791,1531 808,1526 818,1522 838,1526 888,1532 889,1532 1068,1524 1073,1524 1091,1532 1093,1532 1094,1532 1141,1522 1143,1516 1143,1469 1116,1459 1114,1459"/>
        <Baseline points="301,1511 1143,1516"/>
        <TextEquiv>
          <Unicode>ſicht daruon hett vnderſcheiden moͤgen. Es</Unicode>
        </TextEquiv>
      </TextLine>

      
      
      <TextLine id="eSc_line_d3c5217d" >
        <Coords points="301,1565 299,1582 301,1584 303,1584 303,1585 304,1585 306,1585 308,1585 576,1579 581,1585 583,1585 583,1587 584,1587 586,1587 588,1587 764,1580 861,1589 863,1589 1141,1580 1143,1570 1143,1526 699,1516 698,1516 696,1516 681,1522 679,1524 678,1522 659,1516 658,1516 656,1516 654,1516 626,1522 621,1524 619,1522 611,1516 609,1516 608,1516 606,1516 534,1522 529,1522 528,1522 499,1514 498,1514 496,1514 301,1521 301,1565"/>
        <Baseline points="301,1565 1143,1570"/>
        <TextEquiv>
          <Unicode>meinten dazumal etlich / ſie weren auß einer</Unicode>
        </TextEquiv>
      </TextLine>

      
      
      <TextLine id="eSc_line_773386d4" >
        <Coords points="1108,1570 1106,1570 928,1579 876,1570 874,1570 873,1570 871,1570 858,1580 814,1572 813,1572 811,1572 784,1580 646,1572 644,1572 576,1582 331,1574 329,1574 328,1574 301,1584 303,1629 303,1650 416,1644 426,1649 433,1654 434,1654 436,1654 438,1654 468,1649 489,1645 509,1649 541,1654 543,1654 544,1654 558,1647 568,1642 659,1642 671,1645 688,1652 689,1652 691,1654 851,1654 851,1652 853,1652 854,1652 854,1650 856,1650 861,1644 863,1642 866,1644 876,1650 878,1650 879,1650 881,1650 941,1642 948,1642 953,1642 999,1650 1001,1650 1003,1650 1023,1640 1024,1640 1028,1640 1061,1650 1063,1650 1064,1650 1143,1639 1144,1624 1134,1579 1109,1570 1108,1570"/>
        <Baseline points="303,1629 1144,1624"/>
        <TextEquiv>
          <Unicode>gantzen Pomerantzen / ſo das Rind verſchli⸗</Unicode>
        </TextEquiv>
      </TextLine>

      
      
      <TextLine id="eSc_line_425037a5" >
        <Coords points="1133,1634 1059,1634 1059,1684 1058,1709 1099,1715 1101,1715 1103,1715 1138,1704 1139,1687 1139,1644 1133,1634"/>
        <Baseline points="1059,1684 1139,1687"/>
        <TextEquiv>
          <Unicode>cket</Unicode>
        </TextEquiv>
      </TextLine>

      
    </TextRegion>
    

    
  </Page>
</PcGts>
