1178 1997
103 93 879 163 boͤſen Geiſter / Das lll. Buch. 37
38 146 878 231 cket hette / dermaſſen inn dem Bauch erhar⸗
38 201 878 287 tet / Aber das war ein lecherlicher vnnd fal⸗
41 259 879 344 ſcher wahn / deñ als auff der einen ſeiten die
36 312 878 397 rinden gantz kuͤmerlich d urchſchnitten vnd
41 379 878 455 abgeſchelet / ward ein ſeltzammer plunder
43 426 874 515 ſchwartzen ſcharwullen / ſo auß haar außge⸗
43 485 881 569 fuͤllet / vnnd zuſamen gewachſen / gefunden.
44 539 883 624 Es leſt ſich anſehen / es hab auch Plinius ei⸗
43 594 883 683 ner ſolchen kuͤgel meldung than / mit dieſen
44 652 886 737 woꝛten: Es wirt in dem bauch der Kuͤw ein
44 705 886 797 ſchwartzlechtiger Reibſtein / rund wie ein
48 765 886 848 Ballen / vnderweilen gefunden / zimlichen
48 825 891 906 ſchwer / welcher / als man darfuͤr haltet / ein
48 873 889 961 beſonder gůte Artzney ſol ſein / den ſchwer⸗
49 936 893 1018 geberenden Weibern / ſo ferrn er die erden
49 985 891 1075 nicht beruͤret habe . So viel der worten Pli⸗
51 1048 891 1124 nij: Aber er nennet dieſe ballen oder kůͤge⸗
53 1103 893 1186 lein nicht eigentlich einen Reibſtein oder
58 1154 893 1241 Sandſtein / wenn er anderſt vonn der gat⸗
56 1211 896 1301 tung meldung thrt. Denn der Reibſtein vn
56 1266 896 1354 der die loͤcherichten ſtein gezelet wirdt / dieſe
56 1326 894 1411 ball aber / ſo auß haar zuſammen getrucket /
59 1382 889 1471 hat an jhr nichts ſteinechtigs / ſandechtigs /
126 1439 831 1532 noch loͤcherechtigs / ſondern iſt gantz
286 1501 664 1590 vund gar dick vnnd
436 1554 533 1650 veſt.
606 1600 668 1692 iiij
786 1604 899 1695 Daß
