1166 1997
284 123 343 186 88
423 113 957 174 Von verblendung der
331 174 1127 236 Daß offtermals vonn den beſeßnen Men⸗
284 224 1124 286 ſchen / auch den aller gelchrteſten aͤrtzten eines
284 274 826 341 vber ein aug gegeben werde.
501 336 861 399 Das Xll. Capitel.
393 386 1127 467 „IRerfahren aber auch / daß gar offt
381 452 1124 525 hvnd dick / durch ſolche Teuffelswerck
413 514 1124 577 die aller erfarneſten / vnd in jrer kunſt
283 559 1121 635 aller beſt geůͤbteſtē aͤrtzet / die man wol moͤch
283 619 1126 690 te der Artzney Rabunos nennen / hinder das
284 672 1126 750 liecht gefuͤhret / vnnd vber das ſeil geworffen
283 730 1127 802 werden. Deſſen vernimb ein wunderbarli⸗
283 792 1124 858 ches / vñ gedechtnußwirdiges Exempel. Als
283 845 1121 916 kurtz verꝛuckter zeit / der weitberuͤmpt Artzt /
281 895 1117 975 Docto: Johannes Echthius ( welchen ich
281 953 1117 1028 auß wichtigen vꝛſachen lieben vnd verehren)
279 1010 1124 1085 vermeinet ein Tochter von zwentzig jaren
281 1063 1124 1143 vnaefehrlich inn ein Melancholey gerathen
279 1121 1122 1193 ſein / vnnd dieſelbige bey eilff naͤchten vnge⸗
279 1178 1126 1253 ſchlaffen geblieben: Hat erſtgemelter Do⸗
276 1233 1126 1301 ctor Echthius / nach außweiſungder Medi⸗
276 1293 1126 1357 ein / pilulas de cynogloſſa / welche er vermei⸗
276 1351 1122 1414 net / den ſchlaff bringen werden / angebotten.
279 1401 1124 1472 Vnnd nach dem das Toͤchterlein eines der⸗
276 1464 1121 1524 ſelbigen eingenommen / hat es mit dem fin⸗
278 1516 1121 1582 ger das eine aug verſchloſſen / vnnd geſpꝛo⸗
274 1572 1119 1667 chen: Eialieber meine / ſchawe doch / wie
986 1629 1111 1732 ſchlaff
