1166 1997
289 126 354 178 90
459 119 996 181 Von verblendung der
286 169 1126 244 Artzet zu verſpotten / verlachen vnd vmbtrei
119 271 273 331 Dedefini.
286 222 1121 299 ben. Es iſt auch der heilig thewer Lchꝛer Au⸗
114 316 276 382 Eccle do.
293 281 1121 351 guſtinus in keinen weg der meinung / daß d
116 369 224 444 Inat.
288 344 1121 414 boͤß geiſt der menſchen ſinne vnb gedancken
286 399 1122 465 wiſſe. Vnder anderm jamer / ſo man an ob⸗
286 445 1119 525 gemeltem Maͤgdlein ſahe / hat ſie auch die
289 505 1117 582 gicht ſo grauſam / daß jrn alle glieder durch
283 562 1116 629 einander krachten / vnnd lieſſe ſich anſehen /
283 617 1121 692 als ob ſie von dem Weihwaſſer ein ſondern
284 670 1122 752 grauſen vnd abſcheuhen hette. Langius er⸗
281 730 1122 800 zelt ein Hiſtou von etwan einem Weib / wel
283 783 1116 858 che / als er zů Bononia der Artzney oblag /
279 845 1117 916 nechſt bey der ſcham ein eitriches geſchwer /
283 895 1117 965 (ſo Meliceris von Medicis genanst) hatt:
281 953 1122 1021 So bald aber ein gůte hoffnung / es wuͤrde
283 1006 1121 1078 zu heilen / ſich ſchen laſſen / deſſen deñ d Chi⸗
279 1063 1122 1134 rurgus hertzlich fro war / nim war / ſo bricht
279 1119 1116 1189 ein neuwer humoꝛ oder feuchtigkeit herauß /
279 1176 1121 1244 das weret auch ſo lang / biß dz der boͤß Geiſi
279 1231 1119 1308 von dem ſie beſeſſen war / mit heiligen gebet⸗
279 1288 1121 1362 ten von jhr getrieben ward / darauff deñ als
276 1344 1119 1414 bald / grad inn der ſelben nacht / das geſchwer
279 1402 1121 1464 von ſein ſelber / ohn einige huͤlff des Wund⸗
279 1457 1121 1521 artzets / dermaſſen / daß nit ein einiges mal⸗
279 1511 1119 1584 zeichen vberblieb / zuſamen heilet. Nun iſt es
279 1567 1119 1659 je gewiß / daß der Teuffel mit dieſem Weib /
1031 1629 1121 1712 ſo er
