1218 1997
324 126 671 193 andern Theil.
76 183 938 259 dicin mit jrer teuffeliſchen betriegerey / befte⸗
76 237 933 321 ckens ſich rhuͤmen doͤrffen: Zwiſchen welchē
76 301 936 377 vorbedachten vnnd mit verhengtem zaum
76 352 939 429 lauffenden Zeubern vnd den Hexen / ich ein
79 411 936 490 groſſen vnderſcheid ſetzen. Denn es mit die⸗
78 467 938 549 ſen / den Hexen oder Vnholden nemlich / die
78 524 939 609 geſtalt hat: Dieweil aber ſie nach art weib⸗
76 580 938 660 lichs geſchlechts vnſtandhafftig / wanckel⸗
78 635 939 712 muͤtig / im glauben ſchwach / auch alters halb
78 702 939 767 widerumb zuͤ kindern werden / daß ſie von
79 752 939 828 ſolcher vrſachen vnnd anlaſſes wegen / des
78 805 928 883 Teuffels fatzwerck fuͤr andere leut vnd´wuͤrff
78 868 939 943 lich werden / welcher denn auß vrſach erreg⸗
78 923 946 993 tes anlaſſes / ſich in jr einbildunge hinein ver
83 973 946 1060 ſchleicht / vnd ſie wachend gleich oder ſchlaf⸗
83 1031 949 1113 fend / allerley vorſchwebenden bilder ſo er be⸗
84 1088 948 1171 gert / jnen fuͤrkomen laſt / welchs er in jnen zů
83 1144 948 1221 uolbringen die natuͤrliche feuchte ſo meiſter⸗
83 1201 951 1276 lich bewegt / daß ſie eben nichts anders koͤñen
86 1258 948 1329 oder můgen bekennen / denn daß ſie an denen
86 1316 936 1387 dingen / ſo vom Teuffel ſelbſt / ohne mithuͤlff
88 1374 948 1444 einigs menſchen / auß Gottes verborgenem
88 1426 951 1507 willen / oder durch ſein verhengniß beſche⸗
89 1486 953 1555 hen / deßgleichen an groſſem / mordtlichem
93 1547 954 1629 ſchaden ſo leut vnd viehe vberfallen. Item
631 1602 696 1702 iiij
888 1600 954 1672 an
