1172 1998
110 99 890 178 boͤſen Geiſter / Das lIl. Buch. gi
46 151 886 234 ſo er beſeſſen / nit mehr denn ſein fatzwerck ge
41 214 888 293 trieben / vnnd ein ſpecjem oder ſcheinende ge⸗
48 264 885 347 ſtalt eines waren / natuͤrlichen geſchweres /
46 326 888 409 geſpiegelt hat: vñ nach dem vnd er ein feuch
45 379 893 466 tigkeit / dem Honig gantz gleichfoͤrmig / an⸗
46 436 890 521 derſtwo her gebracht / vnd darein geſtrichen /
51 499 893 567 des Wundartzts augen verblendet / alſo / dz
48 549 896 634 den eiter auß dem geſchwer herfluͤſſen ver⸗
46 611 898 684 meinet / ſo er doch von dem Cacodemone in
50 659 898 747 des zůgeheilten eiſens malzeichen / oder aber
51 715 900 795 in das phantaſtiſch oder nit mehr denn ſchei⸗
51 770 900 855 nend geſchwer / gebracht war worden. Wel⸗
53 829 895 910 ches deñ leichtlich daher abzunemien iſt / dz ſo
53 889 898 964 bald der boͤß geiſt hingetrieben / das geſchwer
53 940 901 1022 in einem augenblick / alſo zureden / geheilt iſt.
60 1000 898 1083 Der beruͤmbte Philoſophus vnd Medicus /
66 1050 905 1142 Joañes Fernelius meldet / Als vnlangſt / ei⸗
58 1110 900 1197 ner / hitz halben bey nacht groſſen durſt litte/
58 1172 906 1245 iſt er darab erwacht / auffgeſtandē / vñ zu frin
58 1220 898 1303 cken geſucht. Als er aber daſſelb nit gefundē /
61 1275 906 1356 iſt jm etwan ongefer ein Apffel fuͤr die hand
60 1332 905 1418 komen: Welchen / ſo bald er jn erwiſcht / vnd
65 1393 906 1480 geſſen / iſt jhm nicht anderſt / denn als ob jhm
61 1453 906 1531 der ſchlund mit einer hand zuſammen ge⸗
63 1501 911 1588 truckt wuͤrde / geweſen / vnnd ſo bald er von
65 1558 928 1661 dem Geiſt / welcher ſich in jhn verkroch / be⸗
788 1615 911 1706 jeſſen
