1164 1998
106 113 889 186 boͤſen Geiſter / Das lII. Buch. 93
49 171 887 244 habe / denn jm ſein leib gꝛauſam / nicht andſt /
48 224 892 296 denn als ob er die darmgicht oder den fallen⸗
48 278 890 356 den ſiechtag hette / erſchuͤttet ward. Vnnd
49 337 887 409 deſſen ſich noch mehr zuuerwundern / ſo grif
51 394 895 467 fe jhn ſolche kranckheit zumal nicht an / an
49 454 905 524 dem gantzen leibe / ſondern nam auff ein mal
49 507 895 586 nicht mehr / denn ein eintziges / ſonderbares
51 562 890 644 gelied / jetzt den lincken / denn den rechtē arm /
49 622 895 695 auch vnderweilen nicht mehr denn ein eini⸗
53 682 895 754 gen finger / offt den einen ſchenckel / zu zeiten
51 737 897 802 beyd / mehr malen den leib / vnnd das mit ſol⸗
53 785 897 860 cher ſchnelle vñ vngeſtuͤmigkeit / daß er kuͤm
49 844 897 912 merlich von vier ſtarcken ſeinen dienern / al⸗
53 900 897 979 ſo ligend mocht gehebt werden. Das haupt
53 955 900 1030 aber hat er ſtill / die zungen vnd red vnuerhin
54 1012 899 1083 dert / bey guͤtem verſtand / aller ſeiner ſinn
53 1067 900 1138 vnuerletzt / ja auch mitten in dem wehe. Vñ
56 1123 899 1203 ſolches tribe er alle tag / aller meiſt bey zehen
54 1178 902 1252 malen / alſo / daß er hiezwiſchen / ſo das wehe
58 1237 905 1318 nachließ / aller ding wol bey jhm ſelbſt / aber
58 1297 902 1368 doch von des ringens vnd erfechtens wegen /
59 1348 907 1428 zimlichen ſchwach war. Man hette es fuͤr
58 1410 902 1478 den waren fallenden ſiechtag geben moͤgen /
59 1465 907 1543 ja wenn das gemuͤt vnd die ſinn auch darnö
58 1520 909 1593 verletzt weren woꝛden. Die aller gelehrteſten
59 1580 902 1671 vi erfarneſten aͤrtzte / ſo darob rathsgefragt /
814 1640 904 1703 vnd
