1166 1997
279 143 349 203 94.
439 126 979 193 Von verblendung der
276 181 1114 252 vnd vmb huͤlff angelangt worden hieltē ein⸗
274 237 1117 306 helliglich / es were ein conuulſion / dem falien
276 296 1116 359 den ſiechtag nit faſt vngleich / welche jrn vr⸗
274 351 1109 419 ſprung vnd herkomen auß einem ſchedlichē
276 409 1114 480 gifftigen vapore oder dampff / ſo in dem ru⸗
276 474 1114 535 ckengrad eingefangen / hette: daher deñ / als
273 525 1114 587 von einem Brunqual gemelter vapor in die
271 575 1112 642 neruen ſich außguͤſſe / welche von dem ruck⸗
274 634 1112 697 grad in alle andere glieder / außgeromen das
273 688 1112 760 hirn / ſich außſpreitend. Dieweil nun ſolche
271 752 1112 813 rechnung von menniglichen / dieweil ſie ein
271 800 1112 872 feinen ſchein hat / angenomen / vñ geglaubt
268 855 1111 925 war / auch der ſach ohn verzug entgegen gan
271 920 1111 981 gen wuͤrde / haben ſie das eriſtiren fuͤr die
268 973 1111 1040 hand genomen / vnd es offtermalen gebrau⸗
268 1030 1109 1098 chet / deßgleichen aller hand gattung ſtarcke
271 1090 1109 1148 purgationes / Item / zů dem vrſprung dner⸗
263 1136 1104 1208 uen ſchrepffen laſſen / gſchmiert vñ geſalbet /
264 1191 1102 1256 auch Emplaſtra / erſtlich die da zertrieben /
261 1253 1107 1316 bald darauff die da ſtercken / vnd dz boͤſe gifft
264 1304 1107 1367 vndertrucken mit laſſen lauffen. Als aber di
263 1356 1104 1432 ſes alles nit halff / haben ſie jhm auff vil vnd
263 1417 1106 1486 mancherley weg den ſchweiß vnderſtanden
264 1472 1104 1542 zutreiben / mit baden / ſchweißbaden / vnnd
266 1531 1107 1592 Guaiacine hebeni decocta: aber inn ſumma
268 1585 1101 1664 hatten vorgemelte mittel wenig geholffen /
939 1640 1101 1742 ſo halffe
