1169 1998
103 113 880 183 boͤſen Geiſter / Das lIl. Buch. os
46 173 882 253 ſo halffe dieſe noch viel minder. Welchs deñ
43 228 880 298 nit zuuerwundern / dieweil wir vonn rechter
41 279 882 354 erkañtniß der vrſpruͤngklichen vrſach dieſer
41 339 880 414 kranckheit noch nit im grund bericht waren.
41 394 877 474 Denn erſt im dritten Monat nach anfang
41 452 882 529 dieſes greuwlichen handels / haben wir dem
41 507 875 584 boͤſen Geiſt / welcher inn dieſer gantzen ſach
41 566 882 636 Redlinfuͤhrer war / die hand / wie man ſa⸗
43 619 884 694 get / in dem ſack erwiſcht / als er ſich ſelbſt mit
41 675 882 747 einer vngewoͤnlichen ſtim vnd woꝛten / deß⸗
43 730 882 815 gleichen Latciniſchen vnd Griechiſchē ſpruͤ⸗
39 785 877 860 chen (wiewol d patient nit Griechiſch kont)
43 842 882 924 ſelbſt bloß gab / vnnd verzhiet. Dieſer Geiſt
41 900 880 977 entdecket viel heimligkeiten der Artzten / vnd
41 954 882 1037 lachet auch jhr / daß er ſie in ſo groſſe gefahr
44 1015 880 1088 gebracht / alſo / das ſie mit vergebner artzney
43 1068 879 1147 dieſes Juͤnglings leib gar nahe den garauß
44 1123 885 1207 gemachet hetten. So offt jhn ſein leiblicher
48 1185 882 1257 Vatter inn ſeiner kranckheit heimſuchet /
44 1238 884 1312 ſo bald er jhn nicht mehr denn von weitnuß
43 1298 887 1366 erblicket / ſchreie er mit lauter ſtim: Treibet
44 1350 885 1431 dieſen / ſo herein kompt / hinauß / Laſſet jhn
44 1406 885 1486 nicht herein / oder aber / reiſſet jhm das halß⸗
44 1463 885 1535 band vom leib hinweg denn er / der Vatter /
46 1521 887 1590 nach brauch vnnd gewonheit der Frantzoͤ⸗
51 1575 887 1668 ſiſchen Nittern / Sanet Michaelio bildnuß
726 1645 885 1718 an dem
