1170 1998
93 106 870 176 boͤſen Geiſter / Das lll. Buch.
28 169 871 236 andern / er ſey aber etwan von einem / deſſen
28 224 868 296 nammen er doch nicht eroͤffnet / in dieſen leib
30 278 866 354 bezwungen worden / zu den fuͤſſen ſey er inn
28 334 868 404 des Koͤnigs Pallaſt hinein gefahꝛen / bey den
33 392 863 466 fuͤſſen werde er widerumb hinaus fahren /
30 449 871 526 wenn nemlich der beſtimpt Tag her rucken
30 509 178 579 werde.
76 561 868 617 Widerlegung deſſen / daß dieſer boͤſe Geiſt
26 609 868 664 letztlich hat lauffen laſſen / daß ernemlich et⸗
30 654 868 712 wan von einem in des Juͤnglins leib bezwun⸗
28 699 868 765 gen ſey worden: Item / das ſolchs niemandt
26 749 265 810 můglich ſey:
251 792 646 849 Das XIII. Capitel.
30 830 865 917 Ber als mich die ſach anſihet / ſo er⸗
121 892 865 970 dencket der Vatter aller luͤgen ſolche
141 954 863 1022 ſtemponeien alleſammen / bekennets
25 1005 863 1080 auch / vnnd vergicht ſich williglich / vnge⸗
25 1063 858 1137 zwungen vnd vngetrungen / ob er ſich gleich
23 1122 863 1183 wol geſtellt / vnnd dergleichen thůt / als ob er
23 1177 865 1238 durch ceremonien vnd beſchweren darzu ge⸗
23 1232 866 1297 noͤtiget werde. Damit er die Leute fatze / von
26 1287 863 1360 Gott abfuͤhre / einen boͤſen vnnd letzen arg⸗
25 1343 866 1411 wohn etwan einem vnſchuͤldigen Menſchen
25 1398 863 1466 aufftrehe / auff daß der jehnige / ſo vbel ver⸗
26 1453 865 1525 ſchreiet / von menniglichen / als ob er dem be⸗
25 1508 865 1578 ſeſſenen dem Teuffel zu einē Gaſt geforiert
30 1565 863 1656 habe. Vnd alßdenn ſo haltet der boͤſe Feind /
721 1621 870 1714 er habe
