1187 1997
71 106 854 184 boͤſen Geiſter / Das llI. Buch. ꝛo
18 156 850 237 in teglichem freundtlichem geſprech / imbe⸗
16 214 850 301 gruͤſſen / in guten ſchimpfflichen boſſen / ſol⸗
16 267 850 354 che erſchroͤckenliche fluͤch lauffen leſt. So
16 326 852 409 wir doch ſehen vnd erfahren / das ſolche alle⸗
21 386 847 469 ſampt ohn nachtrug vnd einige entgeltniß
18 439 852 524 des andern abgehn. Das man freilich wol
18 494 852 577 nach dem Sprichwort ſprechen mag: Katzē
19 549 854 637 gebett gehet nicht zů Himmel. Jedoch / ob
21 607 857 690 gleich ſolche leichtfertige / ja Gottloſe wort
24 664 859 750 ſonſt niemand ſchaden zufuͤgen / ſo gehen ſie
21 718 859 802 doch einem ſolchen Leſtermaul nicht ohne
24 783 860 862 ſonderbaren nachtheil ab / dieweil es nun / wo
23 830 862 916 er nicht bůß thut / deren an dem letzten vnnd
23 888 865 973 groſſen tag des Hermn / ſchwere rechnung ge⸗
23 941 864 1026 ben muß. Vber das alles / ſo ſchleuſſet ſich
26 1001 867 1081 auch daher krefftiglich / daß boͤſer Menſchē
28 1058 867 1143 fiůchen weder kalt noch warm gibt / denn wo
29 1109 869 1199 jhm anderſt were / wuͤrde freylich keiner / der
28 1173 869 1256 nicht ewiger freud vnd ſeligkeit gewertig / ge
33 1224 867 1311 funden werden: Denn je keiner geweſen iſt /
31 1281 872 1359 dem nicht etwa einer ſolches geguͤnnet vnnd
34 1337 875 1422 gewuͤnſchet hab. Welcher wunſch denn aus
38 1391 877 1472 Gottes willen / gleich wie jene auß des Teuf
39 1447 882 1539 fels anſtifften abgeht. Daß aber vnterweilen
38 1504 875 1594 den Kindern von wegen des verfluchens jh⸗
39 1562 880 1675 Tlian eiradvber einpein gehet/ daoiſt
764 1620 884 1695 dieſer
541 1624 642 1710 s ii
