1167 1997
304 101 384 161 02
497 93 1012 161 Von verblendung der
306 146 1130 226 dieſer meiner intention nichts zů wider / von
306 204 1135 281 wegen der ſonderbaren / anerbornen Sym⸗
307 256 1135 336 pathi der Eltern mit jhren Kindern / von de⸗
304 311 1137 394 ren wegen denn Gott der Herꝛ vnd gerechte
304 366 1135 450 Richter vnterweilen grawſame Exempel
302 421 1135 504 fuͤr augen ſtellt. Derhalben auch der Philo⸗
301 479 1135 560 ſophus Plato im ſibenden Bůch de Repub⸗
299 537 1132 614 lica nichts ſchedlichers den Kindern achtet /
297 592 1132 687 denn ſo jnen von jren Eltern geflůcht vnnd
297 645 784 730 boͤſes gewuͤndſcht wirdt,
346 708 1133 790 Volgen etliche Exempel / boͤſer Teuffliſchen
297 757 1128 842 Klůchen / ſo hertiglich geſtrafft worden ſindt,
519 815 908 880 Das Xllll. Capitel.
297 865 1133 951 IVVN werden vns aber jeder zeit nicht
301 931 1128 1013 . ſchlechte Schawſpiel vnnd Exempel
419 988 1130 1068 von Gott dem HErrn fůͤr augen ge⸗
289 1038 1128 1119 ſtellt / darab wir billich erſchrecken vnd vns
288 1093 1125 1179 der boͤſen veralteten gewonheit des fluchens
286 1153 1123 1234 und leichtfertigen ſchwerens / maſſen ſollen,
286 1204 1123 1293 Man ſagt / es ſeye etwan ein Kriegßknecht
284 1268 1127 1346 vor wenig jaren zů fuß durch die Marck ge⸗
281 1316 1122 1394 reiſet / der habe ſeiner Wirtin / bey welcher
279 1372 1123 1457 er ein zeitlang kranck gelegen / einen Seckel
279 1427 1117 1516 mit Gelt zu behalten geben. Als er aber nach
278 1484 1120 1570 etlich tagen ſich wider auffgerichtet / habe er
286 1537 1115 1645 ſein Gelt von da Wirtin gefordert / welche
992 1610 1108 1717 ſchon
