1186 1997
81 99 857 178 boͤſen Geiſter / Das lll. Buch. i07
26 151 856 234 ſchon jtzunder mit jrem Mann dem Wirt /
19 209 857 291 wie ſie jhm das Gelt hinderhieiten / geprae⸗
19 262 854 344 ticiert hatt. Deßhalben ſie das Gelt ver⸗
19 316 847 402 leugnet / vnd den guten Bruͤder als der jhr
18 382 857 459 vnbillichs bewiß / anklaget. Er aber aus zomn
21 434 854 509 bewegt / ſchalt ſie hinwiderumb ein ehrloß /
19 489 861 572 trewloß Weib. Als nun ſolches der Wirt
19 547 861 625 erhoͤret / entſchuldiget er die Frawen / wolt
24 597 861 687 ſie gantz glaß ſchoͤn machen / ſtieß derhalben
23 654 857 742 den Fußknecht zů der thuͤr hinaus / dieſer /
24 713 861 792 dieweil jhm ſolche groſſe vnbilligkeit begeg⸗
23 767 866 857 net / zuckt vom leder / vnnd ſtichet vnbeſint
26 822 862 908 mit der wehr inn die thuͤr des Wirtshauß.
28 877 869 965 Der Wirt nicht vnbehend / ſchreye mit lau⸗
26 938 867 1015 ter ſtim / es geſchehe jhm von dieſem dropf⸗
31 996 871 1080 fen gewalt in ſeinem eignen Hauß / derhal⸗
29 1046 869 1134 ben er von einer Erſamen Oberkeit gefeng⸗
31 1106 877 1189 lich angenommen / vnnd in ein Thurn ge⸗
33 1159 879 1246 worffen wardt. Hie zwiſchen er vor Rhat
36 1214 877 1301 zimlich / wie man ſpricht / auff den kůſſenen
34 1274 881 1357 vmbher lieff / da denn auch endlich / daß man
39 1329 876 1421 jhn / von begangner mißhandlung wegen /
38 1386 882 1464 enthaupten ſolt / erkeñt vñ beſchloſſen ward.
41 1437 884 1521 Als nun der tag / daß er fuͤr Gericht geſtellt
43 1496 884 1580 werden ſolt / vorhanden war / hatt jhm der
48 1552 889 1660 euffel / daß er an den hag muͤſſe / in der ge⸗
727 1605 887 1704 fengnie
496 1614 609 1694 g iiij
