1166 1997
294 113 1004 184 o4. Von verblendung der
293 164 1131 246 fengniß verkuͤndet / jedochdaran gchencket /
293 224 1132 302 ſo er ſich jhm ergebe / woͤlle er wol zu wegen
293 284 1129 356 bringen / daß er aller gefahr entrinnen muͤß.
294 336 1134 414 Darauff der Gefangen hertzhafftiglich ge⸗
291 396 1136 459 antwortet / er woͤlle tauſent malen lieber in
293 445 1136 524 vnſchuld ſterben / denn der geſtalt erlediget
293 500 1137 584 werden. Nach dem aber der boͤſe Geiſt aber⸗
289 560 1136 639 mals jhme die groſſe gefahr ſo jm zů erwar⸗
291 624 1137 693 ten / auffgemutzet / vnd aber daß er in ein kal⸗
289 678 1134 748 ken ofen bließ / vñ nichts ſchaffet / vermerckt /
289 725 1136 800 hat er jm vmbſonſt ſeinen willigen dienſt in
289 782 1134 857 der ſach angebotten / vnnd darmit er ſich an
288 837 1129 916 ſeiner widerpart rechnen moͤchte / gerathen /
286 893 1127 973 auff ſolche weiſe: Wenn du nun (ſprach er)
286 950 1132 1031 fuͤr Gericht geſtellet wirſt werden / ſo wende
284 1016 1134 1086 zů dem aller erſten fuͤr / dein einfalt / vnd vn⸗
284 1063 1129 1143 geſchickligkeit / beuoꝛab vor ſolchen Perſonē /
279 1121 1131 1198 inn einer ſolchen wichtigen ſach ein red zů
279 1174 1129 1246 thun / derhalben thu ein demuͤtige bitt / an ein
283 1229 1131 1313 gantzes Erſams Gericht / daß dir ein Fuͤr⸗
281 1289 1126 1369 ſpꝛech verghnt vnd erlaubt werde / vnd nach
279 1344 1131 1422 dem du ſolcher deiner bitt gewert biſt / ſo be⸗
281 1409 1129 1477 ger meiner / der ich denn weit von dannen in
278 1462 1127 1532 einem Himmelblawen huͤttlein / mit federn
276 1514 1127 1589 beſteckt / ſtehen wuͤrd. Es lieſſe jm der gefan⸗
276 1569 1127 1672 gen/ die ſach gefallen. Als esmmn desandern
1024 1644 1111 1729 tagē
