1166 1997
288 113 996 179 zos Von verblendung der
291 171 1119 242 tagen der gemein Poͤfel in einem Bierhauß
288 232 1117 299 verſamlet / guts můts vnnd froͤlich / daß ein
293 282 1116 352 Weibßbild auch im gloch war / welche gar
283 339 1121 407 eines vngeweſchnen mauls / vnnd derhalben
288 396 1124 467 offt zwiſchen leichtfertigem fluchen vnnd.
281 452 1119 517 ſchweren den nammen des Teuffels ein⸗
281 509 1124 580 lauffen ließ. Welcher denn ſeiner ſchantz
279 565 1117 629 warnemmend / vnter dem angeſicht aller
283 620 1117 692 anderer ſo zugegen / ſie zů der Thuͤr hinaus
283 675 1114 748 geriſſen / vnd hoch ob ſich in der lufft gefuͤh⸗
278 733 1117 802 ret hatt. Darob / wie gleublich / die vbrigen
279 785 1119 853 hertzlich erſchrocken / den nechſten auffge⸗
281 843 1116 911 wiſcht / vnd zuſchawen / wo er doch mit jhr
279 896 1119 971 hin woͤlt / nachgeuolgt. Da ſahen ſie ein gu⸗
279 955 1121 1021 te weil auſſerhalb dem Dorff im lufft han⸗
283 1020 1117 1085 gen / vnnd bald hernach ſteinhert tod herab
278 1070 712 1133 auff die Erden fallen.
326 1121 1119 1184 Daß es ein falſcher wahn ſey / ſo man ver⸗
281 1171 1121 1226 meint / das Mannlich glied moͤge durch zau⸗
276 1213 1116 1281 berwerck hingenommen werden: Item / daß
278 1263 1119 1324 der boͤſe Geiſt wol koͤnne durch natůͤrliche
278 1309 999 1372 mittel die natuͤrliche krafft verhindern.
514 1357 882 1417 Das XV. Capitel.
349 1397 1106 1474 CH bin auch gentzlich der meinung /
311 1464 1116 1537 Ihdaß alle die jenigen / ſo da vermeint vn
386 1516 1119 1589 beredt ſindt / daß jhu die hoͤdlin / ja das
279 1572 1112 1662 gatze malich glid durch zauberwerckmage
934 1630 1111 1710 entzuckt /
