1176 1997
91 93 866 168 boͤſen Geiſter / Das lll. Buch. io7
34 148 867 227 entzuckt / vnd nach dem ſie deſſe ein zeitlang
36 206 874 281 vbel gemanglet / widergegeben werden / von
36 266 869 334 dem Sathan geblent / betrogen / vnd am nar
34 316 871 396 renſeil vmbher gefuͤrt werden. Deñ es je nit
36 371 872 452 anderſt zugcht / deñ dz die neruen d hoͤdlinen
36 432 871 509 durchs boͤſen geiſts kunſt vnd gewalt / hinder
41 485 869 565 ſich gegen jrē vrſprung geſtrupfft werden /
36 540 872 615 wie wir deñ deßgleichen vnterweilen in ſoꝛg⸗
36 595 874 675 lichen kranckheitē ſehen vñ erfaren. Welchs
39 652 876 735 als Hypocrates zeugt / ein ſeh boͤß zeichē iſt.
39 707 869 783 Die hoͤdlin / ſpucht er vñ ſcham / ſo hindſich
41 765 877 848 gezogē / bedeutē groſſen ſchmertzen / vñ todli⸗
41 822 876 903 che gefahr. Denn es erſtirbt die lebenhafftig
41 888 874 953 krafft / vnd werden hiemit die neruen gegen
43 935 877 1016 jrmn vrſpꝛung hindſich gezogen. Aber in des
43 988 879 1071 Teuffelswerckē darff man ſich ſolcher gefar
44 1046 881 1124 des lebens nit zuentſetzē / es ſteckt auch erſtge⸗
44 1101 879 1184 melte natuͤrliche vrſach nit darhind / denn er
48 1164 881 1243 ſe entweder ein zeitlang die augen verblend /
46 1214 887 1293 vnd ſein fatzwerck hierinnen treibt / od aber
46 1276 886 1354 mit betrieglichē hinderſich ziehen der neruen
48 1331 886 1409 eins vber ein aug gibt. Daher denn eruolgt /
48 1384 891 1466 nach dē er abergleubig leut zuuerbotnen vn⸗
53 1439 891 1519 goͤttlichen rathſchlegen vermoͤgen hat / dz er
53 1496 896 1579 gantz willig vñ gern von ſeinē werck abſteht
53 1554 902 1669 onzwingē vnd dringen / ob er gleich derglei⸗
807 1612 891 1699 che
