1168 1997
83 106 868 183 boͤſen Geiſter / Das IIl. Buch. 10y
28 158 868 246 Her: Chriſtus dem Malcho das ohr wider
28 213 1033 307 angeſetzet hat / Nein freilich / denn je vomma⸗ Luce 22.
28 272 874 357 len daß dem Teuffel etwas von newen zů er⸗
29 327 871 419 ſchaffen vnmuͤglich ſey / genugſam herbey
31 391 876 470 gebracht vnnd bewert / deßgleichen was er
33 439 876 522 Gott dem Schoͤpffer nachthůn oder nicht
31 499 878 585 nachthuͤn moͤge / gnugſamlich erklert wor⸗
33 554 874 639 den iſt. Zů dē / daß etliche der meinung ſindt /
34 607 879 690 es ſey wol muͤglich / daß etlichen die natuͤrli⸗
36 664 876 753 che Mannskrafft mit ſchoͤnen Frewlein zů
36 723 883 803 kurtzweilen / durch zaubeꝛwerck / vnd beſchwe
38 787 881 860 ren / moͤge entzuckt werden / dz mag wol aus
38 833 881 911 natuͤrlichem anlaß / von mancherley vrſa⸗
41 896 884 973 chen wegen zugehen / ſo nemlich offtermelt
43 950 883 1035 glid / geſchwecht vnd verhindert wirdt / vnd
39 1003 886 1081 das entweders von natur oder ſonſt von ei⸗
43 1058 886 1139 ner vber zwergs her einfallendē vrſach. Wel
44 1114 884 1203 thes aber auch wol mag durch etwas träcks /
46 1174 886 1258 darzu verordnet zu wegen bracht werden.
46 1228 889 1314 Daher denn auch die alten Theologi De⸗
48 1283 893 1369 cretal. Gregor. g. titulo iz. eingeſatzt / De tri
56 1341 893 1424 gidis, maleficialis, A ad libidinis vſum
51 1402 896 1482 ineptis geſtelt haben. Derhalben ſo ſolle ſol⸗
53 1457 896 1539 cher mangel vnd gebrechen nicht allweg den
54 1509 893 1595 aller nechſten dem verzaubern zugeſchꝛben /
58 1567 899 1687 vndhiedurchalo bald ein vnſchuldige i
774 1627 903 1712 ſon in
