1160 1996
289 139 988 211 io Von verblendung der
289 194 1120 271 ſon in einem boͤſen argwohn gebracht wer⸗
287 252 1121 327 den. Denn ob ich wol nicht ab bin / daß das
287 306 1118 390 Maͤnnlich glid von dem boͤſen Geiſt moͤge
284 360 1118 442 ſeiner krafft entbloͤſt / vnnd zů geberen vntu⸗
286 422 1113 502 gentlich gemachet werden. So bin ich doch
281 475 1116 558 mit hend vnd fuͤß darwider / daß ſolches glei⸗
281 533 1116 613 cher geſtalt durch den boßhafftigeu / rachgi⸗
277 583 1115 671 rigen willen / vnd das ſchendtlich verflůchen
277 647 1113 726 einer alten Lufetſchen moͤge zů wegen ge⸗
277 705 1113 776 bracht werden / wiewol ſie von dem Teuffel
276 760 1111 836 vberthoͤrct / deſſen gentzlich beredt iſt. Es kan
272 811 1106 891 aber auch der tauſentliſtig Werckmeiſter /
272 866 1106 946 der Teuffel die kunſt / daß er einem Mannß⸗
269 924 1106 1004 bild / etwan mit einem gewiſſen Weib der lie
271 978 1103 1054 be zuſpielen die krafft entzuckt / mit einer an⸗
269 1036 1103 1111 dern aber nicht entzuckt / je nach dem vnnd
267 1096 1098 1174 er jm alſo zu reden / den Zaum henget oder
266 1147 1093 1229 an ſich zeucht. In Italien / vnnd ſonderlich
264 1204 1098 1284 zu Rom / ſchwuren die aller verruͤmbtſten
259 1260 1096 1343 ja verruchteſten gemeinen metzen / tauſend
256 1314 1091 1398 eid / ſie koͤnten die Mann krafftloß machen /
254 1373 1095 1447 wenn ſie ihnen nemlich den vorderen bendel
254 1425 1091 1510 deß Niderkleids heimlich ſtelen / vnd zuſam⸗
251 1483 1090 1568 men knuͤpffen. So ſie jhnen aber denſelbi⸗
251 1543 1091 1623 gen w derumb zu handen ſtelleten / komme
249 1596 1085 1698 ihnen dic krafft widerumb. Man helt auch
925 1664 1083 1751 gleicher
