1168 1998
86 113 871 179 boͤſen Geiſter / Das lll. Buch. ni
31 166 868 246 gleicher geſtalt de lupi Virga, ſo dieſe etwa⸗
26 224 863 298 inn einen Namemn verknuͤpfft oder auff⸗
31 279 864 357 geknuͤpfft wirdt. Item / noch ein anderß
28 337 864 411 Recipe. So der Breutigam bey ſeiner
31 397 866 459 Braut die erſte nacht im Beth liegt / ſo thi
26 451 866 519 eins / ſteck ein meſſer in die kammer thuͤer /
26 511 868 577 klopff an / vnd ſchreie jm zu / gibt er dir ant⸗
28 561 864 629 wort / ſo brich den ſpitz deß Meſſers ab / laß
29 621 873 694 jn in der thuͤren ſtecken / vnd gehe ſtillſchwei⸗
28 675 873 749 gend hinweg. So muß der gute Geſell/ die⸗
31 730 871 804 ſelbige nacht mit ſeinen armen leuten vnge⸗
31 787 868 862 ſchaffter ſachen / gantz ſchamrot abziehen.
31 850 869 910 Probatum eſt / Ja hinder ſich dar / wie wie
28 905 871 972 die Bawren die ſpieß tragen Were es einer
31 955 871 1027 Saaw ſo gleich als einer Luͤgen / es eſſe kein
34 1012 869 1088 Jud einen einigen biſſen darvon. Es melder
28 1067 869 1140 auch etwan einer / wie das er von ſeinē Lands
28 1123 869 1193 mamn ſo eine Adels Perſon geweſſen / vnd
29 1183 869 1252 hoch vnd theuwer das bezeuget / gehoͤret ha⸗
29 1238 869 1308 be / daß er auff ein zeit dermaſſen gebunden /
29 1293 874 1361 alſo / daß er mit keinem Weib habe moͤgen
31 1350 874 1428 zuhandelen noch zuſchaffen haben / worden.
33 1405 876 1481 ſeye / ſeye aber durch ſonderbare geſchick⸗
33 1465 878 1536 lichkeyt widerumb zu recht gebracht wor⸗
33 1516 881 1593 den. Vnnd darmit er jhn deſſen deſter ſter⸗
33 1575 883 1668 cker beredte / habe er das Buch Cleopatr⸗
788 1633 886 1699 von
