1172 1996
304 113 988 172 ut2 Von verblendung der
302 166 1142 237 von auffmutzung der Weibern / herfuͤrge⸗
301 224 1142 287 bracht / vnd jhm das oꝛt vorgeleſen / da denn
129 307 289 365 Seſama
307 286 1140 350 gelehret wird / wenn es einem der geſtalt / wie
129 337 1138 414 ein korn⸗ Ermelt / ergange / ſo ſolle er ſeinen gantzen leib
133 392 1137 467 fruchtos mit Rappengallen / vnd Seſameleo ſchmie⸗
129 447 1138 522 můes in ren / daſſelbige werde jm ohn alles fehlen helf⸗
143 502 1133 577 India: fen. So bald er aber nun ſolches vermercket
133 547 283 608 Plin. li
129 600 291 652 13. ca. 10
307 558 1137 628 habe / ſey er getroͤſt auff die woꝛt dieſes buchs
134 617 1130 693 daher öugefahꝛen / vnnd hingangen / die ſach andie
128 673 1137 743 Seſame hand genommen / ſey jhm als bald der kuͤtzel
129 740 258 795 um.
288 730 1137 803 wider kommen. Nun deß ſoll ſich niemands
296 786 1135 851 laſſen wunder nemmen / denn gleich wie ein
294 838 1132 906 Menſch von aberglaubens wegen letzlichen
293 896 1133 961 geſchedigt wirdt / alſo wirdt er durch aber⸗
294 953 1132 1019 glauben wider entlediget / wie man denn ſol⸗
291 1009 1130 1074 ches aus teglicher erfahrung wol abnemen
289 1066 1128 1137 mag. Von dem ſpoͤttlichen beyſchlaffen der
291 1117 1128 1185 Incuborum vnd Succuborum / das iſt bey⸗
288 1175 1130 1250 der geſchlecht boͤſer Geiſter / iſt da oben / da
284 1230 1123 1312 wir den Hexen den Beltz erweſchen haben /
288 1287 860 1363 genůgſam gehandelt worden.
327 1410 1125 1472 Von mancherley ligaturen / das iſt / zaube⸗
279 1457 1122 1521 riſchem verknůͤpffen / bindeñ / verſtricken: J⸗
279 1505 1073 1585 tem / von vielerlex zufellen der Beſeſſenen.
519 1570 885 1656 Das X Vl.Capitel.
1008 1615 1123 1693 Wir
