1176 1998
76 113 861 186 boͤſen Geiſter / Das lll. Buch. u
21 164 859 246 die veraltet / vnd tieff eingewurtzlet opinion
21 221 859 304 vnd meinung / ſolcher ligationen zubereitet
19 279 856 351 vnd verbracht durch Hexenwerck / ſalbenen /
18 334 857 407 tranck / vnd etlichen darzu verordneten vnd
19 389 861 467 beſtimpten materien / deßgleichen durch etli⸗
19 446 857 527 che ſtuͤck ſo man anbindet / oder anhenckt: I⸗
19 506 861 579 tem durch ſtarcke einbildung vñ verzuckung
21 562 856 634 des gemuͤts / durch bilder / zeichē / fingerꝛing /
19 616 869 704 liechter / thon / zal: Auch durch ftůchen / an⸗
21 672 866 750 ruffen / beſchweren / opffer / verſegnung / ge⸗
21 729 862 805 luͤbd / nammen / wort / vnd viel ſeltz umer aber
24 787 867 869 gleubiſcher / apoſteutzleriſcher / leppiſcher ſtē⸗
26 847 869 922 panien. Dahin deñ komlich mag gezelt wer⸗
24 904 867 977 den die Hiſtori vom Olao / vnter dem nam⸗
26 949 871 1030 men Gilberti des Zauberers beſchriben / wel
26 1008 867 1090 cher bey den Oſtrogothen / darmit er ſich
26 1068 874 1148 nicht verendern koͤnt / in ein hoͤle / von ſeinem
28 1122 866 1207 lchrmeiſter Catillo iſt gebunden wordē / auff
29 1183 704 1263 welcher er auch offt vmher ſpꝛngt.
93 1235 876 1310 Nun welche auff die ding etwas ſetzen vñ
29 1288 877 1375 halten / die fahren zů / vnd damit ſie jhren fal
34 1353 876 1428 ſchen wahn vertheidigen / vnd beſtetigen / zie⸗
34 1403 876 1483 hen ſie an aus heiliger Goͤttlicher Schrifft
34 1458 877 1543 etliche zeugniſſen / ſo ſie zů dieſem jhrem fuͤr⸗
36 1515 879 1598 nemen vermeinen dienſtlich ſein. Deß hab
39 1570 882 1666 Ar dieſes zů einem Exempel. In beſchwe⸗
769 1640 887 1708 rung
553 1631 627 1709 h i
