1164 1996
286 121 366 161 120
469 106 997 182 Von verblendung der
286 159 1122 244 Plinius ſchreibt vom Demarcho / daß er /
281 219 1122 297 nach dem er von dem gerick oder jngeweid
281 274 1120 360 eines auffgeopfferten Knaben geſſen hab /
281 329 1124 409 den nechſten in ein Wolff verwandelt wor⸗
283 384 1122 470 den ſeye (billich aber wirdt der ein freſſiger
284 442 1122 527 Wolff genannt der eins menſchen jngeweid
283 503 1129 583 friſt) Vndals wir bey Vergilio leſen / ſo hat
281 555 1127 632 die Circe mit jhrem angebottenen tranck die
286 610 1125 695 geſpanen Vlyſſis / als ſie noch auff jhrer
283 666 1120 758 langwirigen reiß waren / zů wilden Thieren
283 730 477 796 gemacht:
284 776 1127 858 Quos bominum ex ſacie Dea ſeua potentibus berbi
288 830 959 899 Induerat Circe in uultus er terga ſerarum.
281 931 984 1011 Die grimme Goͤttin hat verſchafft /
612 883 799 951 Das iſt:
279 989 985 1067 Durch kreuter vnd jrs gifftes krafft.
278 1044 992 1124 Daß die / ſo waren Menſchen Kind /
283 1099 950 1189 Zů wilden Thieren worden ſindt.
554 1175 890 1254 Item / Ecloga s.
274 1239 999 1324 Haberbas, atgh bec Ponto mihilefla uenens,
278 1292 649 1365 lpſa dedit Naris, erc.
276 1395 1049 1483 Das Kraut / das gifft gantz außerwelt /
606 1347 787 1417 Das iſt:
276 1457 999 1531 Circe mir ſelbs zů hand hatt geſtellt.
278 1511 989 1593 In Ponto / ſagt man / ſol viel ſtehen /
279 1573 985 1678 Ichhab mit meinen augen geſchen.
1017 1658 1084 1713 St
