1170 1998
73 106 778 181 boͤſen Geiſter / Das lIl. Buch.
778 118 861 178 127
23 161 753 243 Daß ſie in eines Wolffs gſtalt ſchloff,
26 219 696 298 Vnd in den wilden Wald hin loff.
26 281 733 357 Die todten brufft ſie aus dem grab /
30 329 808 411 Was Frucht im Feld / ſie brachts dorab.
86 384 870 462 Vnter ſolchen Fablen / thantmaͤrlinen
28 442 863 519 vnd alter Weiber theidung / moͤgē wol auch
28 499 871 574 verkaufft werden / die Fabeln Apuleij / wel⸗
28 562 871 629 cher inn einen Eſel ſoll verwechſelt worden
31 611 875 692 ſein / deſſelben gleichen auch die Metamor⸗
33 674 875 750 phoſis oder verwandlung der form vnnd ge⸗
33 730 878 807 ſtalt Luciani. Denn dieſer / iſts anders nicht
31 787 880 862 erlogen / mit erlaubnis zůreden / als er in die
35 834 881 914 Landſchafft Theſſaliam reiſet / willens al da
35 894 883 975 die Magiam oder Zauberkunſt zulernen / iſt
38 950 881 1025 ohn alles gefehr etwan inn ein Wirtshauß
38 1010 885 1087 eingekehrt / da ſich denn ein Weibßbild mit
40 1060 886 1135 etwas ſalbe ſich hinden vnnd vornen ſalbet
41 1120 888 1195 vnd ſchmieret / daruon ſie als bald zů einem
45 1175 890 1257 Raben warde. Lucianus / als der denn das
46 1232 891 1315 wunder beiß / vermeint / er hette ſchon ein gu
46 1290 891 1361 te Lection geſtudieret / fuhr zů / wolts verſu⸗
50 1346 895 1430 chen / ob es jhm doch auch von ſtatt wolt ge⸗
51 1405 900 1480 hen / ſchmieret ſich gleicher geſtalt / eben mit
51 1456 901 1535 derſelbigen ſalbe / aber ſommer botz meiſſen⸗
53 1520 908 1596 bein / ich weiß nicht wie die ſach fehlet / es
60 1568 908 1663 rd ein Eſel aus jm Nach dem vnd er aber
818 1626 905 1718 auff
