1162 1997
74 113 857 179 boͤſen Geiſter / Dasl ll. Buch ꝛꝛz
13 163 859 241 es vnmůͤglich ſey / das gemuͤt eines Menſchē
14 224 860 297 in eines vnuernuͤnfftigen Thiers dolle ſoll
14 277 857 351 verkehut werden / ſonder ich halts auch nicht /
14 336 860 411 daß der Leib ſeiner glidmaſſen form vnd ge⸗
21 391 859 472 ſtalt halb in eines Viehes leib moͤge warlich
18 449 859 520 verwandelt werden. Aber es gehet die ſach
18 504 862 577 meines bedunckens alſo zů. Die Phantaſey
19 565 862 632 oder ſtarcke einbildung in dem Menſchen /
21 617 869 697 welche denn entweders mit ſteiffem ſinnen
21 673 870 747 vnd trachten / oder auch mit treumen / in ein
23 730 870 803 vnzal aller handgattung dingen verwandelt
23 788 869 860 wirdt / vnnd ob ſie gleich nicht ein leib oder
23 848 869 913 leiblichs ding iſt / jedoch mit wunderbarer
29 895 873 978 ſchnelle vnd behendigkeit / formen vnnd ge⸗
28 955 873 1035 ſtalten leiblicher dingen / nicht anderſt / denn
26 1010 873 1081 wie ein Wachs mancherley Bildniſſen an
29 1065 873 1149 ſich nimpt. Ja dieſe phantaſey / ſo die euſſer⸗
29 1123 872 1196 lichen ſinn inn dem Menſchen / als geſicht /
34 1179 877 1264 gehoͤr / etk. entſchlaffen / vnd die fenſter / alſo
33 1236 880 1313 zů reden / oder thuͤren zů der Scel verſchloſ⸗
34 1294 882 1376 ſen ſindt / mag ſie etwan auff ein weiß / dar⸗
33 1352 883 1422 uon nicht zůreden iſt / zů anderer Leuten ſinn
34 1407 883 1479 inn leiblicher geſtalt gefuͤhrt werden / alſo /
36 1466 885 1542 daß der Menſchen leibe etwan an einem ge⸗
38 1526 880 1597 wiſſem oꝛt ligen / zwar wol lebendig / jedoch
39 1579 887 1664 r geſtalt / daß die euſſerlichen ſinn viel ſter⸗
797 1634 887 1704 cker
