1164 1997
296 126 374 183 126
477 119 1012 189 Von verblendunt der
293 181 1132 247 cker denn von keinem ſchlaff je mehr vnnd
291 237 1132 306 mehr verſchloſſen ſindt. Derhalben eben
293 294 1134 362 dieſe mehr gemelte phantaſey / als ob ſieein
293 344 1132 419 leiblichs ding were / etwan vnter eines thie⸗
291 407 1129 465 res geſtalt erſcheinet / anderer Leuten ſinnen /
289 462 1129 530 vnd daß auch den Menſchen ſich ſelber alſo
296 520 1127 582 geſtaltet ſein / gentzlich vermeinet / wie es jh⸗
288 570 1129 640 nen denn auch im ſchlaff vnnd traum glei⸗
288 622 1127 692 cher geſtalt widerfahren moͤchte / vnd vnter
286 682 1127 755 anderen bedunckt jhn auch / wie er ſchwere
286 735 1129 802 buͤrden tragen / welche buͤrden / ſindt es an⸗
283 797 1127 867 derſt warhafftige leib / ſo werden ſie die Men
284 853 1125 915 ſchen zu fatzen vnnd aͤffen / von den boͤſen
284 910 1127 970 Geiſtern ſelber getragen / alſo / daß der Men
283 961 1119 1036 ſche zum theil etwas warhafftiglichen ſicht /
279 1015 1122 1083 nemlich die leib der buͤrde / etwas aber nicht
278 1078 1120 1148 warhafftiglich / ſondern durch der augen ver
276 1124 1120 1198 blendung / die leib / nemlich der vorſchweben
276 1183 1117 1259 den Thieren. Es zeigt mir auff ein zeit einer
273 1241 1117 1308 an mit namen Preſtantius / es were ſeinem
278 1294 1119 1374 Vatter begegnet / daß er vogemelt gifft in
269 1352 1117 1427 einem Kaͤß daheim in ſeinem hauß einnem⸗
268 1409 1110 1481 me / vnd darauff auff ſeinem Bett / als ob er
268 1462 1114 1539 ſchlieffe / lege / ſo er doch mit nichten anffzu⸗
266 1522 1112 1592 wecken war. Nach etlichen tagen aber erwa⸗
268 1579 1115 1675 chet er / vnnderzellet ſeine treume / die er die⸗
1009 1642 1110 1714 weil
