1167 1997
74 113 860 183 boͤſen Geiſter / Das lll. Buch. i7
21 166 849 239 weil gehabt hette / nemlich / wie jhn eigentlichk
19 227 862 296 beduncket / ſich ein Roß worden ſein / vnd vn
19 277 859 357 ter andern Thieren den Kriegßleuten profi⸗
21 337 859 409 ant zugefuͤhret haben: Welchs / wie man es
21 392 860 460 denn nachmals erkuͤndiget hatt / in der war⸗
24 447 862 527 heit / wie ers erzelct / beſchehen iſt / wie wol es
24 502 862 585 jhn nicht mehr denn ein traum beduncket.
24 569 860 640 Sonſt etwan einer hat mir geſagt / er habe
21 619 859 690 nachts inn ſeinem Hauß / ob er gar entſchlaf
26 678 862 752 fen war / geſchen einen Philoſophum / ſo jm
23 730 865 812 gantz wol bekannt / zu jhm kommen / vnd im
23 790 865 863 etliche Platoniſchen heimlichkeit außlegen
29 848 867 920 vnd zuverſtehen gegeben / welche er jhm aber
24 900 865 966 vormalen nie / wie ernſtliche bitt er ja jmer
24 955 867 1028 an jhn legte / hette woͤllen erkleren. Vnd als
23 1011 862 1083 er den Philoſophum befraget / wie es doch
24 1073 864 1136 keme / vnd zugienge / daß er in dieſem Hauß
28 1129 867 1199 ſolches thete / dieweil ers doch in ſeinem eige⸗
26 1183 869 1251 nen Hauß / groſſer bitt zu geweren / nie hette
28 1239 869 1308 thůn woͤllen? Hatt er geantwoꝛtet: Ich habs
29 1299 870 1364 nicht gethan / mir hatt aber getreumet / wie
29 1349 872 1417 ich ſolches gethan habe. Vnnd alſo iſt dem
29 1411 870 1479 einen durch ein phantaſticam imaginem /
31 1462 875 1532 oder vorſchwebend Bilde eben das fuͤrkom⸗
31 1521 877 1592 men / daruon dem andern getreumet hat⸗
36 1575 878 1665 te. Dieſe ding habe ich nicht von lucken /
779 1635 880 1719 oder
