1164 1997
296 133 368 184 28
479 119 1010 188 Von verblendung der
296 173 1132 246 oder ringfertigen Leuten / denen nicht ſicher
294 239 1132 296 ein ding nachzureden / gehoͤret vnd vernom⸗
294 287 1132 351 men / ſondern von achtbaren vnd glaubwir⸗
294 346 1130 416 digen Perſonen / von welchen / als ich mich
298 401 1132 467 gegen jhnen verſehen / nicht baldt ein ſpott
296 455 1134 520 gehoͤret wirdt. Vnnd derhalben / dieweil
293 512 1132 575 man daruon redet vnnd ſchreibet / daß etli⸗
294 567 1132 640 che Leut inn Arcadia / von den Goͤttern / o⸗
293 620 1130 690 der als viel mehr vonn den Teuffeln inn
296 677 1129 753 Woͤlffe verkehret werden / deßgleichen daß
291 735 1129 808 die Zaubererin Ciree / die gefehrten des V⸗
293 790 1129 865 lyſſis durch jhr verfluchen inn vnuernuͤnff⸗
293 847 1132 913 tige Thiere verwandlet habe: beduncket
291 901 1129 976 mich / daß ſolchs habe niuͤſſen auff ſolche
291 958 1129 1030 weiß vnd maß / wie erſt angezeigt beſchehen
289 1018 1129 1081 ſein / wenn es anders beſchehen iſt. So viel
288 1073 1129 1138 aber die Diomediſchen Voͤgel belanget /
289 1126 1130 1198 dieweil ich verſtendiget wuͤrd / daß ſie / wie
289 1189 1129 1254 ander Geuoͤgel wachſſen / vnnd ſich meh⸗
286 1239 1129 1316 ren / derhalben jhr Species vnd geſtalt / oder
288 1306 1127 1372 gattungen jmmer were / halt ich / daß ſie nit /
286 1352 1129 1421 als aber die red gehet / aus Menſchen zů Woͤ
286 1406 1129 1477 glen worden / ſonder d; etwan die Meriſchēñ
284 1467 1129 1536 ſo zů dem Opffer verordnet / hingezuckt / vnd
283 1519 1125 1594 dieſe Voͤgel ann jhr ſtatt dargeben ſein /
286 1577 1129 1662 gleich wie an ſtatt Iphigenie der Tochter
915 1644 1129 1722 Agamem⸗
