1172 1998
80 113 870 178 boͤſen Geiſter / Das lIl. Buch. 20
26 168 866 244 Agamemnonis ein Hintin iſt geſchlachtet
26 226 866 293 woꝛden. Denn es jhe den boͤſen Geiſtern / ſo
25 284 866 356 es jnen anderſt auß Gottes vrtheil vergůn⸗
21 344 866 412 net wirdt / nicht ein ſchwere arbeit oder kunſt
23 399 866 462 iſt / ſolche betruͤge vnd verblendungen anzu⸗
21 451 865 526 britlen. Aber dieweil erſtgemelte Jungfraw
21 511 866 582 nachmalen lebendig gefunden woꝛden / iſt
20 566 870 642 augenſcheinlich beygebꝛacht / daß an jre ſtatt
21 627 870 697 ein Hintin geopffert worden iſt. Die gefehꝛ⸗
20 680 866 745 ten aber Diomedis betreffend / dieweil ſie
20 735 863 809 nicht den aller nechſten etwan gefundē / auch
21 792 868 865 nachmals niergends mehr geſchen worden:
21 849 861 915 Denn je die boͤſen Geiſter ſie vmbgebracht /
21 907 865 974 vnd an jhre ſtatt heimlichen die Voͤgel / auß
21 962 865 1023 denen Landen / darinn ſie wohnung haben /
26 1017 871 1090 hergebracht / vnd an jre ſtatt dargegeben / hat
23 1077 868 1143 man darfuͤr gehalten / ſie ſeyen in ſolche Voͤ
25 1132 870 1202 gel verkehꝛt worden / daß aber eben dieſe Voͤ
25 1187 870 1255 gel waſſer in jren ſchnaͤblen inn des Diome⸗
25 1248 870 1308 dis Tempel tnagen / vnd hin vnd wider ſpri⸗
26 1302 870 1370 tzen / auch den Griechen liebkoſen / vnnd den
31 1358 870 1430 falben henaſt ſtreichen / den außlaͤndiſchen
21 1420 870 1485 aber auſſetzig ſind / vnnd verfolgen / des ſolle
25 1471 870 1541 ſich niemands hoch verwundern / dieweil ſol
23 1526 870 1598 ches ohn allen zweiffel / auß anſtifftung der
23 1583 873 1668 Teuffeln geſchicht / denn es jnen je Speck in
798 1646 873 1706 die
