1161 1997
301 133 1001 203 30 Von verblendung der
293 179 1129 261 die Růben gibt / vnd grieben auff das kraut /
296 236 1131 312 daß man Diomedem fůͤr einen Gott halte /
298 294 1129 367 darmit vil falſcher Goͤtter nicht on ſchmach
296 351 1132 429 des einigen waren Gottes geehret / vnnd den
294 406 1131 485 abgeſtorbnen / todten menſchen / welche doch
294 465 1129 537 als ſie noch im leben waren / nicht warlich
294 524 1131 590 lebten / mit Templen / Altaren / Opffern /
299 577 1131 655 Prieſtern (welche ding alie / wo ſie anderſt
294 632 1129 713 recht gebꝛaucht werden / alleine dem einigen /
294 690 1132 768 lebendigen / waren Gott zůſtendig ſind) ge⸗
296 747 1132 815 dienet werde: So viel der woꝛten Auguſti⸗
296 802 1132 872 ni. Wenn ſie aber nicht eben eigentlich het⸗
296 860 1131 926 ten wargenommen / daß voꝛgemelts Pre⸗
296 911 1126 993 ſtantij Vatter inn einem gar tieffen ſchlaff
298 970 1132 1050 gelegen were / ſo hetteer gentzlichen vermei⸗
293 1030 1132 1098 net / wuͤrde ſich auch haben hoͤren laſſen / als
291 1086 1132 1156 ob die dinge / ſo jhm aber nicht mehꝛ denn im
289 1146 1131 1213 traum vorgeſchweben / warlich von jhm ge⸗
289 1193 1131 1269 ſchehen weren / daher denn eruolget wuͤrd
289 1253 1129 1328 ſein / daß dieſes falſch rumor vnd gaſſenred /
288 1306 1131 1381 bey vielen fuͤr ein gantze warheit wuͤrde ſein
289 1366 1131 1432 angenommen worden. Aber es ſind lautere
288 1417 1131 1491 traͤwme / vnnd phantaſeyen / welcher mei⸗
116 1474 1126 1555 ꝛ. parte ꝛ0 nung denn auch Doctor Thomas iſt in der
119 1531 1126 1612 g.s. epiſc. frag vonn den wunderwercken: Es zey⸗
284 1585 1127 1682 gen auch die Decretg an / daß der boͤſer ſeye
1014 1644 1124 1734 denn
