1178 1998
81 119 863 186 boͤſen Geiſter / Das lll. Buch. i32
23 171 868 249 ben / wandel / weiß vnnd geberden der Men⸗
26 226 868 306 ſchen deuten. Vnnd das der geſtalt: Die⸗
24 284 869 362 weil die Arcadier grauwſame / freſſige leute
21 347 869 412 waren / welche ſich auch Menſchliches flei⸗
24 397 869 476 ſches wider alle natur nit enthielten / vñ der⸗
26 452 864 529 halben mehr ein Woͤlffiſchs denn Menſch⸗
23 509 869 581 lichs leben fuͤrten / haben ſie der ſach ein Poe⸗
21 566 868 647 tiſche farb angeſtrichen / vñ als ob ſie zu wa⸗
23 626 868 700 ren weſenlichen Woͤlffen verkehꝛt were woꝛ
23 677 866 754 den / gedichtet. Vnnd eben auff ſolche weiß
23 737 871 809 iſt es auch zuuerſtehen / von den geferten V⸗
24 792 873 872 lyſſis / vonn welchen / jhrer verderbten ſitten
26 845 871 927 halb / die Pocten fabuliert haben / daß ſie zů
24 905 994 979 vnuernuͤnfftigen Thieren worden ſeyen. Dan. 4.
31 960 871 1033 Wie wir denn auch in der h. Schrifft / von
26 1017 873 1090 dem Babyloniſchen Koͤnig Nabuchodono⸗
28 1072 873 1152 ſor / daß er zů einem Thier worden ſey / lau⸗
28 1138 206 1203 ter leſen.
79 1182 876 1257 Vonn Ver wunderbarlichnn kranckheit / ſo
29 1232 879 1295 Die Griechen Lycantropiam nennen / welche
29 1278 879 1341 einen Lllenſchen Lahin bringt / daß er ſich inn
29 1325 879 1390 ein Wolff verwandlet ſein / gentzlich verm ei⸗
29 1370 874 1438 net: Item / vonn natůͤrlicher verwandlung
29 1423 563 1490 Menſchliches Geſchlechts.
236 1475 673 1541 Das Xvlll. Capitel.
179 1520 884 1595 Vlielmus Brabantinus / ſchreibet
161 1576 886 1674 innſeiner Hiſton: Es ſeye auff ein
591 1640 681 1721 i iij
801 1643 884 1711 zeit
