1161 1997
308 126 1001 196 134. Von verblendung der
309 178 1141 252 zeit / ein weiſer / verſtendiger Mann / durch
313 241 1139 307 des Teuffels kunſt ſo weit gebꝛacht woꝛden /
313 291 1142 362 daß er zu etlichen zeiten im jar nicht anderſt
313 346 1142 422 gewuͤſt habe / denn er were ein reiſſender
313 401 1146 479 Wolff / welcher durch die Waͤld vnd Huͤle⸗
309 465 1147 532 nen hin vnd wider ſtreiffete / vñ inſonderheit
308 517 1146 589 den jungen Kindern nachſtelte / er ſeye auch
308 574 1146 647 offtermalen / gleich einem vnſiigen / in den
308 629 1144 697 waͤlden hin vnnd her ſtreichend / gefunden
313 688 1144 755 wordē / welcher doch letſtlich durch die gnad
309 742 1144 808 Gottes wider zů jm ſelber / vnd zu recht kom
308 800 1147 863 men ſeye . Es wirdt dieſe Perſon ohn allen
311 852 1146 918 zweiffel mit der gattung Melancholi be⸗
308 906 1141 976 ſehwert vnd beladen geweſt ſein / welche von
308 965 1144 1028 den Arabern Chaleab genennt wirt / welcher
308 1025 1149 1091 naih von einem kleinen Thierlein her / das
309 1076 1147 1141 ohne vnderlaß auff dem waſſer hin vnd wi⸗
306 1134 1147 1208 der fehrt / vnd bey den Latinern Tipula / das
306 1188 1147 1263 iſt / ein Meerſpinn heiſſet / ſein vꝛſpꝛung hat.
313 1243 1146 1318 Von den Griechen wirt diſe kranckheit Ly⸗
306 1304 1146 1371 canthropia / das iſt / verwandelung eines
308 1356 1142 1429 Menſchen in ein Wolff: Item / Cynanthro
309 1421 1142 1484 pia vnnd Lyacon / von Latinern Melancho⸗
306 1477 1142 1536 lia oder Inſania lupina genennet: Wel⸗
306 1524 1139 1595 che nun vonn dieſer kranckheit angegriffen
306 1589 1141 1665 werden / die kommen vonn wegen der Me⸗
944 1645 1131 1725 lanchole
