<?xml version="1.0" encoding="UTF-8"  standalone="yes"?>
<PcGts xmlns="http://schema.primaresearch.org/PAGE/gts/pagecontent/2019-07-15" xmlns:xsi="http://www.w3.org/2001/XMLSchema-instance" xsi:schemaLocation="http://schema.primaresearch.org/PAGE/gts/pagecontent/2019-07-15 http://schema.primaresearch.org/PAGE/gts/pagecontent/2019-07-15/pagecontent.xsd">
  <Metadata externalRef="https://content.staatsbibliothek-berlin.de/dc/813172837-0155/full/full/0/default.jpg">
	<Creator>escriptorium</Creator>
	<Created>2023-03-06T11:57:47.255881+00:00</Created>
        <LastChange>2023-03-06T11:57:47.255897+00:00</LastChange>

  </Metadata>
  <Page imageFilename="154_4dccc_default.jpg" imageWidth="1166" imageHeight="1997">

    
    <TextRegion id="eSc_textblock_373dbe0c"  >
      <Coords points="106,106 777,106 884,126 904,1682 586,1689 524,1642 53,1642 33,179 71,166 106,106"/>
      
      
      <TextLine id="eSc_line_550f1935" >
        <Coords points="857,121 841,118 824,114 816,113 754,113 744,106 741,106 724,106 707,106 706,106 684,113 676,106 674,106 657,106 641,106 624,106 607,106 591,106 574,106 558,106 541,106 528,106 516,114 479,106 474,106 458,106 441,106 436,106 393,116 391,116 364,106 358,106 341,106 326,106 291,114 268,106 258,106 246,106 223,118 218,119 204,118 114,106 108,106 91,128 93,164 93,179 483,166 867,169 871,154 867,121 857,121"/>
        <Baseline points="93,164 871,154"/>
        <TextEquiv>
          <Unicode>boͤſen Geiſter / Das lll. Buch. 35</Unicode>
        </TextEquiv>
      </TextLine>

      
      
      <TextLine id="eSc_line_3a86d87a" >
        <Coords points="587,159 573,168 569,169 561,168 531,161 529,161 488,169 479,171 478,169 468,161 466,161 464,161 451,161 434,161 418,161 408,161 406,161 404,161 381,173 379,173 373,173 319,164 318,164 316,164 314,164 303,174 298,174 248,164 246,164 244,164 203,176 188,166 186,166 184,166 183,166 181,166 161,174 131,166 129,166 128,166 126,166 88,178 54,169 51,171 34,178 36,224 36,232 103,241 104,241 266,231 314,229 343,231 406,236 408,236 409,236 411,236 411,234 416,231 419,227 876,227 876,209 871,161 616,168 612,166 599,159 587,159"/>
        <Baseline points="36,224 876,209"/>
        <TextEquiv>
          <Unicode>lancholey / ſo eben hefftig in jhnen angegan⸗</Unicode>
        </TextEquiv>
      </TextLine>

      
      
      <TextLine id="eSc_line_a153f3d8" >
        <Coords points="38,279 38,296 131,287 206,294 221,294 223,294 224,294 231,292 259,286 299,291 314,292 316,292 318,292 319,292 323,291 333,284 381,289 408,291 409,291 411,291 418,287 428,282 511,286 587,287 589,287 591,287 607,282 619,279 644,281 687,286 689,286 876,274 877,264 874,224 716,224 706,214 704,214 702,214 701,214 699,214 697,214 681,226 607,218 606,218 604,218 602,218 591,227 503,221 501,221 499,221 469,229 458,219 456,219 454,219 411,219 409,219 408,219 406,219 391,229 316,221 314,221 36,237 38,279"/>
        <Baseline points="38,279 877,264"/>
        <TextEquiv>
          <Unicode>gen / dahin / daß ſie ſich eintweders inn einen</Unicode>
        </TextEquiv>
      </TextLine>

      
      
      <TextLine id="eSc_line_b5bfb799" >
        <Coords points="43,336 44,352 78,344 121,351 133,352 134,352 146,351 179,342 204,349 211,351 213,351 214,351 216,351 218,351 219,349 231,341 289,347 318,349 319,349 348,346 389,339 486,342 579,344 581,344 583,344 597,339 611,334 627,337 646,342 647,342 649,342 651,342 667,337 677,334 706,336 764,341 766,341 767,341 769,341 779,334 786,331 792,334 807,339 809,339 811,339 879,331 879,321 876,279 811,279 799,267 797,267 796,267 794,267 792,267 771,279 766,279 657,271 656,271 654,271 629,279 619,271 617,271 616,271 614,271 612,271 611,271 597,281 594,282 583,281 518,272 516,272 514,272 513,272 513,274 503,282 499,284 488,282 439,274 438,274 436,274 416,282 409,286 398,282 369,276 368,276 366,276 364,276 348,284 343,286 326,284 279,277 278,277 246,284 226,289 206,286 179,279 178,279 41,286 43,336"/>
        <Baseline points="43,336 879,321"/>
        <TextEquiv>
          <Unicode>Wolff / oder aber Hund gentzlich meinen</Unicode>
        </TextEquiv>
      </TextLine>

      
      
      <TextLine id="eSc_line_cc469387" >
        <Coords points="38,392 38,402 261,397 269,399 294,406 296,406 298,406 339,397 356,394 366,396 391,404 393,404 394,404 479,396 529,402 531,402 533,402 561,391 563,391 566,391 583,399 584,399 586,399 587,399 612,391 637,401 639,401 641,401 741,392 769,399 771,399 772,399 774,399 817,387 862,397 864,397 866,397 867,397 867,396 879,384 879,379 876,334 786,326 784,326 782,326 761,334 756,336 744,334 689,327 687,327 596,336 558,339 526,337 458,331 456,331 454,331 433,337 421,341 403,337 368,332 366,332 364,332 363,332 354,339 348,342 324,339 294,334 293,334 36,341 38,392"/>
        <Baseline points="38,392 879,379"/>
        <TextEquiv>
          <Unicode>verwandlet ſein. Derhalben ſie ſich zu jhren</Unicode>
        </TextEquiv>
      </TextLine>

      
      
      <TextLine id="eSc_line_99bd4b10" >
        <Coords points="43,447 43,464 191,452 241,459 266,462 268,462 293,457 329,450 354,455 378,460 379,460 381,460 391,455 403,449 433,454 466,459 468,459 469,459 471,459 479,452 484,449 541,450 679,455 681,455 766,444 772,444 777,444 832,454 834,454 836,454 876,441 876,436 871,386 111,401 53,394 51,394 49,394 48,394 41,399 43,447"/>
        <Baseline points="43,447 876,436"/>
        <TextEquiv>
          <Unicode>heuſern außmacheten / voꝛab bey der nacht /</Unicode>
        </TextEquiv>
      </TextLine>

      
      
      <TextLine id="eSc_line_7ff707c0" >
        <Coords points="481,442 479,442 478,442 458,447 441,452 401,449 323,444 321,444 319,444 288,452 274,455 259,454 209,445 208,445 206,445 204,445 193,455 191,457 41,459 43,504 43,517 874,507 874,492 869,437 508,452 494,447 483,442 481,442"/>
        <Baseline points="43,504 874,492"/>
        <TextEquiv>
          <Unicode>vnnd geſelten ſich in alle wegen / wie Woͤlff</Unicode>
        </TextEquiv>
      </TextLine>

      
      
      <TextLine id="eSc_line_1afe08ec" >
        <Coords points="41,560 41,569 114,579 116,579 211,569 228,567 241,569 311,575 313,575 314,575 331,567 334,565 353,567 411,574 413,574 473,565 506,562 518,565 533,570 534,570 536,570 609,565 694,559 711,564 719,567 721,567 722,567 752,564 809,557 819,564 821,565 822,565 824,565 826,565 881,562 881,545 876,500 39,514 41,560"/>
        <Baseline points="41,560 881,545"/>
        <TextEquiv>
          <Unicode>oder Hund: Sie ſind mehrtheils bleich / jre</Unicode>
        </TextEquiv>
      </TextLine>

      
      
      <TextLine id="eSc_line_839e1c34" >
        <Coords points="41,619 41,629 284,630 286,630 373,622 414,619 433,620 471,627 473,627 474,627 506,619 518,617 534,619 589,625 591,625 592,625 609,617 612,615 647,617 787,622 789,622 882,610 884,604 881,560 791,550 789,550 787,550 754,560 627,554 626,554 624,554 601,564 599,564 592,564 523,555 521,555 519,555 499,565 498,565 494,565 456,557 454,557 404,565 396,567 386,567 323,559 321,559 319,559 318,559 304,567 284,560 283,560 281,560 279,560 278,560 268,569 266,570 39,570 41,619"/>
        <Baseline points="41,619 884,604"/>
        <TextEquiv>
          <Unicode>augen eingefallen / vnnd trucken / geſehen</Unicode>
        </TextEquiv>
      </TextLine>

      
      
      <TextLine id="eSc_line_6e35e222" >
        <Coords points="44,677 44,692 123,682 193,688 198,688 199,688 203,688 249,680 264,687 268,688 269,688 271,688 273,688 278,687 293,678 339,685 356,687 358,687 371,683 403,677 414,683 419,687 421,687 423,687 424,687 426,687 436,682 451,677 476,682 499,685 501,685 503,685 504,685 511,680 521,673 553,680 576,683 578,683 579,683 592,678 611,672 626,677 637,682 639,682 641,682 736,678 737,678 746,675 757,668 777,673 789,677 791,677 792,677 884,670 884,659 879,610 43,620 44,677"/>
        <Baseline points="44,677 884,659"/>
        <TextEquiv>
          <Unicode>ſchwaͤchlich / vnnd gantz dunckel / haben ein</Unicode>
        </TextEquiv>
      </TextLine>

      
      
      <TextLine id="eSc_line_5dcf568d" >
        <Coords points="601,665 599,665 574,673 569,675 546,675 448,670 446,670 416,677 406,678 398,677 363,670 361,670 359,670 329,678 319,680 279,678 193,673 193,675 176,675 159,675 143,675 133,675 43,682 44,730 44,748 138,738 253,743 314,745 316,745 318,745 328,740 339,735 451,737 601,740 602,740 691,730 709,728 717,728 759,737 761,737 884,723 884,715 881,670 797,662 796,662 732,672 726,672 716,672 602,665 601,665"/>
        <Baseline points="44,730 884,715"/>
        <TextEquiv>
          <Unicode>faſt duͤrꝛe zungen / leyden groſſen durſt / habē</Unicode>
        </TextEquiv>
      </TextLine>

      
      
      <TextLine id="eSc_line_eecf779f" >
        <Coords points="41,773 41,787 41,797 434,798 436,798 438,798 439,798 453,788 454,788 481,797 483,797 484,797 536,787 539,787 543,787 596,795 597,795 644,785 651,783 667,783 787,792 789,792 791,792 792,792 807,780 809,780 821,788 822,788 824,788 826,788 882,778 884,770 881,728 829,718 827,718 826,718 799,730 797,730 787,720 786,720 784,720 782,720 781,720 746,728 716,720 714,720 712,720 711,720 674,732 669,735 449,737 446,737 378,727 376,727 298,737 231,730 229,730 176,742 134,732 133,732 131,732 129,732 99,745 98,747 49,747 41,773"/>
        <Baseline points="41,787 884,770"/>
        <TextEquiv>
          <Unicode>kein ſpeychel auff jhrer zungen: Item / jre</Unicode>
        </TextEquiv>
      </TextLine>

      
      
      <TextLine id="eSc_line_25f116c8" >
        <Coords points="48,845 48,862 221,850 294,855 333,857 334,857 356,853 384,847 416,850 451,855 453,855 454,855 468,848 476,845 493,848 519,853 521,853 523,853 541,847 551,843 592,845 694,850 696,850 697,850 717,842 721,840 731,840 799,848 801,848 802,848 804,848 804,847 814,838 841,847 842,847 844,847 846,847 886,835 886,828 882,785 801,773 799,773 797,773 796,773 782,785 781,785 717,775 716,775 631,787 614,788 599,787 549,782 548,782 546,782 544,782 544,783 539,788 536,790 516,788 474,783 473,783 443,788 424,792 414,788 393,782 391,782 389,782 388,782 361,790 346,793 46,793 48,845"/>
        <Baseline points="48,845 886,828"/>
        <TextEquiv>
          <Unicode>ſchinbein von geſchweren dermaſſen geſchē⸗</Unicode>
        </TextEquiv>
      </TextLine>

      
      
      <TextLine id="eSc_line_15458f20" >
        <Coords points="44,898 44,905 253,911 254,911 304,901 308,901 334,901 672,905 674,905 886,891 887,885 882,838 43,845 44,898"/>
        <Baseline points="44,898 887,885"/>
        <TextEquiv>
          <Unicode>det / daß ſie nicht leichtlich mehr zu heylen</Unicode>
        </TextEquiv>
      </TextLine>

      
      
      <TextLine id="eSc_line_91e6f480" >
        <Coords points="63,898 61,898 46,905 48,955 48,968 241,958 303,965 304,965 306,965 326,956 876,958 879,945 876,890 739,890 737,890 736,890 727,893 704,900 689,893 684,891 682,891 681,891 679,891 669,893 644,900 607,895 589,893 587,893 586,893 584,893 581,896 574,901 548,896 528,893 526,893 493,898 454,903 443,898 431,895 429,895 428,895 366,901 319,905 288,903 233,898 231,898 194,905 181,906 159,905 64,898 63,898"/>
        <Baseline points="48,955 879,945"/>
        <TextEquiv>
          <Unicode>ſind / vnnd das auß der vrſachen / daß ſie ſich</Unicode>
        </TextEquiv>
      </TextLine>

      
      
      <TextLine id="eSc_line_654da5d4" >
        <Coords points="829,946 812,946 796,946 779,946 762,946 746,946 731,946 709,951 697,948 696,948 679,948 666,948 657,953 649,953 599,948 596,950 579,950 563,950 559,950 473,956 443,958 434,956 409,951 396,951 389,958 386,960 374,958 328,951 321,951 314,960 311,961 303,960 279,953 278,953 276,953 46,963 48,1013 48,1025 889,1005 889,993 886,950 841,946 829,946"/>
        <Baseline points="48,1013 889,993"/>
        <TextEquiv>
          <Unicode>ſo offt ſehr vbel ſtoſſen / vnnd von den Hun⸗</Unicode>
        </TextEquiv>
      </TextLine>

      
      
      <TextLine id="eSc_line_c1d26fac" >
        <Coords points="48,1066 48,1073 887,1061 889,1050 886,1010 767,1001 766,1001 764,1001 746,1010 656,1003 654,1003 652,1003 651,1003 651,1005 642,1011 551,1005 549,1005 548,1005 546,1005 533,1013 531,1015 523,1015 468,1006 466,1006 464,1006 463,1006 463,1008 454,1015 453,1018 266,1020 253,1018 219,1011 218,1011 46,1020 48,1066"/>
        <Baseline points="48,1066 889,1050"/>
        <TextEquiv>
          <Unicode>den gebiſſen werden: Es wirdt jnen aber ge⸗</Unicode>
        </TextEquiv>
      </TextLine>

      
      
      <TextLine id="eSc_line_3c9a5e33" >
        <Coords points="54,1126 54,1141 208,1129 268,1138 276,1138 278,1138 279,1138 281,1138 281,1136 298,1128 323,1136 324,1136 326,1136 328,1136 329,1136 331,1136 369,1126 488,1133 508,1133 509,1133 521,1131 591,1121 629,1129 632,1129 634,1129 639,1129 687,1119 887,1123 889,1108 887,1065 864,1055 862,1055 861,1055 786,1065 784,1065 782,1065 749,1055 747,1055 746,1055 744,1055 712,1066 709,1066 696,1066 611,1058 609,1058 607,1058 589,1066 581,1070 539,1066 463,1061 461,1061 419,1068 386,1073 378,1068 369,1063 368,1063 366,1063 364,1063 363,1063 353,1068 341,1075 324,1068 314,1065 313,1065 311,1065 266,1070 176,1078 53,1071 54,1126"/>
        <Baseline points="54,1126 889,1108"/>
        <TextEquiv>
          <Unicode>holffen / durch aderlaſſen / welches biß zu ei⸗</Unicode>
        </TextEquiv>
      </TextLine>

      
      
      <TextLine id="eSc_line_d8a4b773" >
        <Coords points="566,1116 508,1123 458,1128 419,1124 359,1119 351,1119 341,1126 334,1129 319,1128 286,1121 279,1123 273,1123 258,1128 249,1131 224,1129 169,1124 163,1124 146,1124 138,1131 136,1134 46,1134 48,1181 48,1184 149,1193 151,1193 884,1173 884,1168 881,1114 736,1114 734,1114 732,1114 731,1114 727,1118 719,1123 687,1118 669,1116 667,1116 666,1116 664,1116 661,1119 652,1124 609,1119 568,1116 566,1116"/>
        <Baseline points="48,1181 884,1168"/>
        <TextEquiv>
          <Unicode>ner ohnmacht abgchen můß / jnen mit ſpeiß /</Unicode>
        </TextEquiv>
      </TextLine>

      
      
      <TextLine id="eSc_line_fd038b6a" >
        <Coords points="762,1171 746,1171 729,1171 712,1171 696,1171 679,1171 662,1173 646,1173 644,1173 642,1174 639,1178 631,1174 624,1173 612,1173 611,1173 609,1174 602,1181 514,1181 506,1176 504,1174 496,1174 483,1174 468,1176 429,1183 408,1178 401,1176 396,1176 379,1176 374,1176 358,1178 296,1186 248,1179 246,1178 246,1179 229,1179 223,1179 209,1188 183,1181 181,1181 179,1181 126,1189 46,1183 48,1236 48,1244 213,1251 214,1251 263,1241 294,1249 296,1249 298,1249 366,1239 376,1248 378,1248 379,1248 381,1248 433,1238 463,1246 464,1246 466,1246 468,1246 499,1236 543,1244 544,1244 546,1244 548,1244 548,1243 549,1243 556,1234 607,1243 609,1243 611,1243 632,1233 639,1239 639,1241 641,1241 642,1241 644,1243 714,1243 714,1241 716,1241 717,1241 729,1231 791,1238 792,1238 839,1229 859,1238 861,1238 862,1238 864,1238 886,1226 886,1219 882,1173 762,1169 762,1171"/>
        <Baseline points="48,1236 886,1219"/>
        <TextEquiv>
          <Unicode>die viel gůͤts geſaffts habe / mit ſuͤſſen baͤdn /</Unicode>
        </TextEquiv>
      </TextLine>

      
      
      <TextLine id="eSc_line_c789280e" >
        <Coords points="48,1291 48,1298 886,1284 886,1278 881,1228 769,1236 751,1229 742,1228 741,1228 739,1228 737,1228 729,1231 712,1236 691,1231 672,1228 671,1228 669,1228 667,1228 661,1233 651,1238 606,1233 561,1229 559,1229 499,1236 453,1241 414,1238 351,1233 349,1233 259,1241 229,1244 209,1243 143,1236 141,1236 46,1246 48,1291"/>
        <Baseline points="48,1291 886,1278"/>
        <TextEquiv>
          <Unicode>mit Buttermilch / mit confcct auß colocynt /</Unicode>
        </TextEquiv>
      </TextLine>

      
      
      <TextLine id="eSc_line_f3c067c3" >
        <Coords points="831,1279 814,1279 797,1279 789,1279 747,1286 742,1286 737,1286 679,1281 664,1283 649,1283 639,1288 622,1283 614,1283 601,1283 592,1289 587,1289 559,1284 548,1284 531,1284 514,1284 501,1284 428,1291 394,1294 363,1293 273,1288 271,1288 269,1288 268,1288 259,1294 254,1298 234,1294 191,1289 189,1289 188,1289 186,1289 179,1296 176,1299 48,1299 49,1351 49,1357 183,1364 184,1364 186,1364 188,1364 188,1362 189,1362 194,1356 328,1361 329,1361 331,1361 333,1361 333,1359 341,1352 343,1352 468,1357 469,1357 891,1339 891,1331 887,1284 847,1279 831,1279"/>
        <Baseline points="49,1351 891,1331"/>
        <TextEquiv>
          <Unicode>Ruffi / Archigenis / Juſti / mit Theriack vñ</Unicode>
        </TextEquiv>
      </TextLine>

      
      
      <TextLine id="eSc_line_6d8b5997" >
        <Coords points="49,1406 49,1412 889,1397 891,1389 887,1346 817,1339 816,1339 759,1347 756,1347 754,1347 719,1339 717,1339 716,1339 714,1339 712,1339 701,1349 696,1349 654,1341 652,1341 602,1351 597,1351 594,1351 549,1342 548,1342 421,1354 414,1354 413,1354 384,1346 383,1346 381,1346 379,1346 358,1356 356,1356 351,1356 296,1347 294,1347 48,1361 49,1406"/>
        <Baseline points="49,1406 891,1389"/>
        <TextEquiv>
          <Unicode>andern ſtucken / ſo der Melaucholey entge⸗</Unicode>
        </TextEquiv>
      </TextLine>

      
      
      <TextLine id="eSc_line_a7de2882" >
        <Coords points="54,1462 54,1477 381,1464 428,1466 508,1471 509,1471 511,1471 533,1462 541,1461 548,1462 569,1469 571,1469 573,1469 574,1469 604,1461 612,1459 634,1459 736,1466 737,1466 739,1466 762,1456 764,1456 782,1464 784,1464 786,1464 891,1451 891,1444 887,1401 827,1392 826,1392 824,1392 822,1392 809,1401 806,1401 737,1394 736,1394 734,1394 717,1402 716,1404 53,1411 54,1462"/>
        <Baseline points="54,1462 891,1444"/>
        <TextEquiv>
          <Unicode>gen zugehn / nuͤtzlich ſind. Vor dieſem aber</Unicode>
        </TextEquiv>
      </TextLine>

      
      
      <TextLine id="eSc_line_58270cd0" >
        <Coords points="51,1506 51,1517 51,1534 219,1524 234,1531 239,1532 241,1532 243,1532 398,1526 511,1521 514,1522 521,1527 523,1527 524,1527 526,1527 528,1527 546,1521 558,1517 568,1521 587,1526 589,1526 591,1526 627,1519 642,1516 656,1517 699,1524 701,1524 702,1524 726,1516 731,1514 741,1514 801,1522 802,1522 804,1522 806,1522 822,1512 824,1511 896,1509 896,1501 889,1449 852,1459 731,1454 691,1452 689,1452 687,1452 681,1456 666,1462 609,1457 583,1456 581,1456 561,1459 528,1466 504,1461 481,1456 479,1456 478,1456 456,1462 443,1467 438,1462 433,1459 433,1457 431,1457 429,1457 389,1457 388,1457 386,1457 358,1466 344,1471 278,1471 274,1469 268,1462 268,1461 266,1461 264,1461 263,1461 139,1472 119,1474 116,1474 88,1464 86,1464 84,1464 83,1464 63,1471 51,1506"/>
        <Baseline points="51,1517 896,1501"/>
        <TextEquiv>
          <Unicode>allem ſammen / ſolie jhnen das Haupt mit</Unicode>
        </TextEquiv>
      </TextLine>

      
      
      <TextLine id="eSc_line_1fa76938" >
        <Coords points="867,1502 866,1502 864,1502 862,1502 851,1512 699,1514 687,1506 686,1506 684,1506 682,1506 614,1517 609,1517 607,1517 554,1509 553,1509 551,1509 549,1509 549,1511 539,1519 509,1511 508,1511 506,1511 461,1521 456,1521 443,1521 336,1516 334,1516 333,1516 331,1516 331,1517 324,1522 323,1526 213,1526 211,1526 194,1517 193,1517 191,1517 53,1527 54,1575 54,1594 129,1582 236,1587 263,1589 264,1589 283,1585 338,1577 379,1582 403,1585 404,1585 426,1580 453,1575 521,1577 612,1580 614,1580 727,1570 764,1567 784,1567 876,1574 877,1574 879,1574 881,1574 896,1564 896,1555 894,1512 869,1502 867,1502"/>
        <Baseline points="54,1575 896,1555"/>
        <TextEquiv>
          <Unicode>ſchlaffbringenden mittlen begoſſen / vnd die</Unicode>
        </TextEquiv>
      </TextLine>

      
      
      <TextLine id="eSc_line_b9e3aea6" >
        <Coords points="56,1632 56,1647 101,1647 103,1647 118,1657 119,1657 121,1657 123,1657 124,1657 163,1647 168,1645 171,1647 206,1660 208,1660 259,1662 261,1662 263,1662 303,1649 324,1660 326,1660 328,1660 329,1660 331,1660 344,1652 568,1654 569,1654 571,1654 573,1654 573,1652 586,1640 587,1639 591,1640 607,1654 609,1654 611,1654 612,1654 614,1654 657,1639 682,1632 714,1632 727,1639 744,1649 746,1649 747,1649 749,1649 751,1649 777,1637 797,1630 889,1635 892,1612 889,1570 697,1564 696,1564 599,1575 566,1567 564,1567 563,1567 561,1567 539,1577 521,1569 519,1569 518,1569 469,1577 391,1572 389,1572 388,1572 386,1572 386,1574 378,1580 354,1572 353,1572 351,1572 349,1572 324,1582 258,1575 256,1575 254,1575 253,1575 243,1584 233,1575 231,1575 229,1575 228,1575 181,1584 124,1577 123,1577 54,1589 56,1632"/>
        <Baseline points="56,1632 892,1612"/>
        <TextEquiv>
          <Unicode>naßloͤchlein mit dem Opio beſtrichen wer⸗</Unicode>
        </TextEquiv>
      </TextLine>

      
      
      <TextLine id="eSc_line_816085ee" >
        <Coords points="782,1674 782,1702 896,1702 896,1670 889,1622 864,1629 842,1625 804,1620 802,1620 801,1620 779,1629 782,1674"/>
        <Baseline points="782,1674 896,1670"/>
        <TextEquiv>
          <Unicode>den:</Unicode>
        </TextEquiv>
      </TextLine>

      
      
      <TextLine id="eSc_line_3fee1efd" >
        <Coords points="576,1669 576,1679 576,1697 652,1717 654,1717 712,1704 712,1675 709,1622 661,1622 659,1622 657,1622 656,1622 656,1624 646,1632 636,1644 583,1644 576,1669"/>
        <Baseline points="576,1679 712,1675"/>
        <TextEquiv>
          <Unicode> iiij</Unicode>
        </TextEquiv>
      </TextLine>

      
    </TextRegion>
    

    
  </Page>
</PcGts>
