1154 1996
286 113 984 182 i2αVon verblendung der
283 166 1122 236 den: Esiſt auch vnderweilen nicht ſchad /
284 221 1124 296 daß man jhnen ein ſchlaffbringend tranck
283 279 1124 350 eingebe: Es leſt ſich gleublich anſehen / es
283 337 1124 414 habe dieſer gebreſten der natur / vnd menſch⸗
281 390 1125 465 lichs gemuͤts entruͤſtung der Fabel bey Dui⸗
283 450 1125 523 dio vom Lycaone / dem Koͤnig Arcadie / ei⸗
279 508 1124 583 nen anlaß gegeben: Welcher / als der Poet
279 560 1122 640 fabuliert / vonn wegen ſeiner grauſamen la⸗
278 617 1120 688 ſtern vom Jupiter in einen Wolff verwand
278 678 1120 746 let woꝛden iſt / denn er in beſchreibung dieſer
278 728 1120 806 Metamorphoſeos (das iſt / natuͤrlicher ge⸗
276 788 1120 863 ſtalt verwandlung inn ein frembde) die euſ⸗
274 838 1117 916 ſerliche warzeichen viel gemelter kranckheit /
274 899 1117 969 Lycanthꝛopie / lauter vñ klar außtruckt / wie
273 949 1119 1026 denn offt vnd dick vnder den lecherlichen ge⸗
271 1006 1115 1089 dichten vnnd Fablen der Poeten natuͤrliche
269 1069 1117 1142 vrſachen / myſteria vnnd geheimnuſſen ver⸗
268 1121 1112 1204 borgen ligen / denn vnder andern ſchreibt er
269 1175 381 1242 alſo:
271 1232 1052 1310 Territus iple fugit, naēus q; filentia ruris
264 1279 1005 1363 Exululat, fruſtrad; loqui conarur. Scc.
592 1352 785 1425 Das iſt:
266 1395 924 1477 Es kompt jn an ein ſolcher grauß /
266 1458 1105 1546 Daß er zum hauß / gſchwind laufft hinauß.
263 1521 940 1596 So bald er kompt auffs ſtille Feld /
263 1581 1059 1658 Gleich einem Wolff / vnd Hund er bellt /
261 1631 844 1719 Am reden es jm gentzlich fellt.
985 1645 1107 1728 Aui⸗
