1163 1996
296 119 996 187 i3s Von verblendung der
292 176 1131 241 handel etwan begegnet / eigener bekañtnuß
291 232 1129 302 offenbar / welche ich denn im fuͤnfften bůch
294 289 1129 355 beſchrieben / vnnd mit zimlicher außlegung
292 344 1134 407 erklert hab. Die mirackel aber oder wunder⸗
291 404 1131 464 werck der Natur / ſo jemandt hie einfuͤhren /
292 454 1131 530 vnnd mit entgegen werffen moͤchte / wilich
292 512 1134 582 auß anlaß ſelber anziehen vnnd erzelen. Pli⸗
296 573 1134 638 nius ſchreibet inn ſeiner Welthiſtori im ſie⸗
294 625 1134 695 benden Bůch / am vierdten Capitel / alſo:
292 681 1133 748 Daß auß Weibern vnderweilen Maͤnner
294 746 1134 803 werden / iſt kein Fabel / denn wiri: inn den
299 791 1136 864 Jarzeit Buͤchern befunden / da zu der zeit
294 848 1134 921 Lieinij Craſſi / vnnd C. Caſſij Congini / der
294 906 1136 969 Burgermeiſtern zu Rom / einer mit nam⸗
291 963 1131 1034 men Caſinus ein Toͤchterlein gehabt habe /
291 1016 1134 1081 welches vnder ſeiner Eltern henden zu ei⸗
292 1074 1136 1137 nem Knaben worden ſeye / ſeye auch auß be⸗
292 1129 1134 1199 felch der Aruſpicum in ein einoͤde Inſel hin⸗
289 1185 1134 1247 uͤber getragen worden. Licinius Mutianus
292 1240 1136 1314 ſchreibet / er habe zu Argis einen Mann / mit
291 1299 1134 1360 nammen Areſcontem / welcher aber zuuor
292 1352 1134 1423 ein Weib geweſt / vnnd Areſeuſa geheiſſen
292 1407 1128 1482 hat / geſehen: Dieſe Areſcuſa / als ſie auff
291 1465 1134 1536 jre jar hinauß kommen / vnd zu der Ehe ge⸗
294 1520 1133 1596 griffen hat / ſeye jhr als bald der Bart herfůr
294 1576 1133 1661 gewachſen / vnd ſonſt aller ding halb maͤnn⸗
1031 1635 1131 1716 liche
