1155 1997
93 113 870 188 boͤſen Geiſter / Das lll. Buch. 39
33 168 867 244 liche natur vnnd eigenſchafft herkommen /
33 221 868 304 derhalben ſie / ja er ein Frauwen genommen:
36 274 872 361 So habe er auch einen Knaben gleicher ma⸗
34 334 877 416 nier vnd gattungen in der Statt Smyrna
34 386 877 474 in nidern Aſia gelegen / geſehen: Er hencket
34 447 870 522 auch weiters daran: Ich hab (ſpricht er)
34 499 877 589 ſelbſt perſoͤnlich in Aphrica geſehen / daß Lu⸗
36 557 875 640 cius Coſſilius ein Tißdritaniſcher Burger
38 612 878 700 an dem tag ſeiner Hochzeit / zu einem Mañ
36 670 878 748 worden iſt . Liuius meldet / inn dem vierd⸗
39 728 882 812 ten Bůch / des andern Chartaginenſiſchen
41 778 883 870 Kriegs / daß / als Q. Fabius Maximus / vñ
43 835 883 923 M. Claudius Marcellus zu Rom dem
46 896 878 976 Burgermeiſterthumb vorſtůnden / zu Spo
44 956 883 1035 let in Vmbria ein Weib zu einem Mann
43 1006 885 1090 worden ſeye . Bey dem Hypocrate leſen
46 1061 885 1139 wir / daß etwan einer Frauwen / mit namen
51 1123 880 1204 Phaetuſa / ſo ein weib Pythei geweſen / jhr
49 1173 887 1266 gantzer leib einem Manns leib gleichfoͤr⸗
48 1236 888 1314 mig / harechtig vnd rauch worden / darzů ein
51 1288 887 1367 Bart gewachſen / vnd die ſtimm groß vnnd
49 1342 892 1436 grob worden ſeye: Zů dem ellem meldet
49 1399 888 1484 auch Auſonius / daß zu Beneuent in Cam⸗
51 1457 890 1552 pania ein Knab / eins mals ein Magdlein
51 1531 287 1612 worden ſey.
808 1575 892 1652 Het
