1206 1997
516 146 864 209 Vorꝛed vbern
268 199 1129 272 dieweil / als ich an dieſer meiner arbeit / die
268 262 1129 331 mich / wiß Gott dem nichts verborgen / eben
268 321 1126 386 ſaur ankommen / noch war / nicht ohn groſ⸗
268 371 1127 439 ſes erbarmen vnd hertzlichem mittleiden ver⸗
266 424 1124 500 nomen hab / wie etliche auch Euangeliſche
268 482 1122 555 Fuͤrſten / deſſen ſie ſich ůbel ſchemē / vnd noch
264 545 1126 614 viel mehr vor Gott zuͤuerantworten / foͤrchtē
263 597 1124 670 ſolten / mit den viel gemeltem wahnwitzigen /
261 654 1127 725 vnd vom boͤſen Geiſt gefatzten alten muͤter⸗
258 713 1127 782 linen / ſo doch kein ſonderbare miſſethat be⸗
263 775 1119 830 gangen (red aber nit von den gifftbereitern)
263 827 1126 893 ſo grauſam fierend ohn alles erbarmen / in
261 875 1126 953 tieffe / finſtere thuͤrn / ſo denn wol moͤchten
261 938 1122 1006 Teuffels herbergen genant werden / gewoꝛf⸗
263 990 1124 1058 fen / bald fuͤr gericht geſtelt / zuͤ dem tod ver⸗
259 1051 1124 1119 dampt / vnd entlich in dem rauch gegen Hi⸗
258 1100 1122 1171 mel geſchickt wurden. Auß vrſach / daß man
258 1156 1122 1231 allein auff ihr bloſſe bekañtniß vnd veriecht
254 1216 1121 1289 auß hin fuͤre / auch nicht genugſam / was zwi⸗
256 1269 1121 1344 ſchen einer Vnholden vnd gifftkoͤcherin vn⸗
256 1328 1121 1402 derſcheids ſey / erwege. Hieneben auch die
253 1379 1121 1461 Magos infames / das iſt / Zeuberer / Teufels
253 1439 1121 1506 beſchwerer / oder Schwartzkuͤnſtler nit allein
253 1496 1119 1572 nicht ſtraffe / wie ſie aber wol beſchuldet vnd
254 1555 1119 1629 verdient / ſonder in groſſen ehren vñ achtpar⸗
254 1609 1119 1709 keit hielte: hab ich mit guter ruwiger conſci⸗
1034 1685 1119 1749 entz
