1161 1998
98 113 884 179 boͤſen Geiſter / Das lll. Buch. i4
134 166 882 248 Dn der Melancholiſchen Menſchen
136 223 881 301 yverderbten vnnd verꝛuckten phanta⸗
154 286 869 354 ſey / imagination / oder einbildung/,
39 336 881 417 deßgleichen von thoͤꝛchten / lecherlichen tha⸗
38 392 882 471 ten / vnderweilen aber auch wichtigen / ernſt⸗
39 449 882 529 hafftigen / ja erſchroͤckenlichen wercken / ſo
36 506 884 584 darauß eruolgen / iſt im andern Bůch / am
39 564 881 642 23. Capitel weitleufftig gchandelt worden /
39 617 876 694 alſo / daß ſolches wider efern / ohn alle noth
39 672 882 749 vnd ein vergebene arbeit were. Vnnd iſt das
38 730 886 807 die vrſach / von deren wegen ſolche leut ma⸗
39 784 886 870 nichmal / eintweders fuͤr Narꝛen vnd Tho⸗
38 844 886 924 ren / oder aber fuͤr beſeſſene gehalten / wie
39 895 886 980 auch herwiderumb die beſeſſenen / als ob ſie
39 954 887 1038 Melancholiſch geachtet werdē: Derhalben
39 1015 887 1087 es allhie wol eines ſcharpffen verſtands vnd
39 1067 882 1148 vrtheils bedarff / daß man dieſe zwo anfech⸗
39 1123 889 1203 tung / die denn auch offtermals vberein kom
38 1180 887 1262 men / recht abtheile vnd vnderſcheide. Denn
39 1237 887 1312 wie auch vor gemelt / der Teuffel gantz ge⸗
39 1293 886 1368 neigt iſt inn die Melancholey / als in ein ma⸗
41 1348 884 1423 teri / die ſeinem fatzwerck / daſſelbige zuuͤben /
44 1405 887 1488 gantz bequemlich / einzuniſten: Jedoch ſo
43 1460 889 1543 ſchleuſt es ſich nicht / daß alle Melancholi⸗
44 1518 889 1601 ſche von den boͤſen Geiſtern getrieben vnnd
48 1575 892 1673 geengſtiget werden / wiewol das widerſpiel
731 1641 889 1721 mehrer
