1156 1997
284 141 364 193 14.2
476 126 1009 191 Von verblendung der
281 181 1121 252 mehrertheils war iſt / denn je alle / ſo beſeſſen /
283 246 1122 312 von wegen jhrer groſſen pein vnnd ſchwerer
281 296 1124 362 anfechtung in ein hefftige Melancholey ge⸗
279 351 1122 419 rahten: Es hat der hochberuͤmpt Artzet D.
284 409 1126 479 Solenander ein weib gekennet / welche alle
281 464 1122 535 jar von einer ſolchen Melancholia / oder als
279 520 1124 587 mehr Mania / das iſt / vnſinnigkeit / getrie⸗
278 577 1121 644 ben ward / daß ſie etwan manche wochen /
278 632 1122 698 nachts auff den Kirchhoͤfen / bey den todten⸗
283 690 1122 762 graͤbern ſich finden lieſſe / lieff auch vnder⸗
276 747 1121 813 weilen durch die gaſſen hin vnnd wider / zer⸗
274 805 1121 865 brach einem diethuͤren / dem andern ſtieſſe
276 855 1114 931 ſie die fenſter ein / des tags aber macht ſie ſich
274 918 1117 978 dahin / vnd verkroch ſich inn die Waͤld vnd
273 971 1116 1033 einoͤden: Vnnd dieweil ſolcher Paroxyſ⸗
273 1026 1116 1100 mus ſie am ſtrengeſten vngefehrlich vmb
276 1083 1119 1148 Oſtern angrieffe / das iſt / im Fruͤeling / wel⸗
274 1139 1117 1208 che zeit im jar / vonn wegen / daß ſich die hu⸗
273 1196 1117 1266 mores am aller meiſten inn des Menſchen
273 1254 1116 1323 leib regen / vnnd bewegen / zů dieſer kranck⸗
273 1309 1116 1381 heit gantz geneigt iſt / meinet jedermann da⸗
269 1364 1114 1429 zumal / ſie wuͤrde vonn einem boͤſen Geiſt
266 1419 1111 1489 dermaſſen geengſtiget. Beſich auch von di⸗
264 1482 1112 1541 ſer Intention die Hiſtori der beſeſſenen / ſo
263 1534 1116 1599 fuͤr Melancholiſch geachtet / hie vor in die⸗
264 1587 1031 1674 n z. Bůch am 12. Capitel beſchrieben.
989 1644 1102 1725 Zwo
