1170 1998
88 119 866 189 boͤſen Geiſter / Das lIl. Buch. 143
80 179 871 249 Zwo gedechtnuß wirdige Ziſtorien / vonn
28 233 871 299 etlichen / ſo vergleichen thaten / vnnd vornen
28 279 870 342 her anzuſehen ſich geſtalten / als ob ſie vom
28 326 868 394 boͤſen Geiſt beſeſſen weren: Deren einer fůr
31 376 531 439 verzaubert geſchetzt ward.
248 411 616 476 Das XX. Capitel.
151 459 873 542 Jeweil ichbißher durch etliche Capi⸗
103 519 870 594 2/ tel / ein zimliche anzal Exempeln / de⸗
146 574 871 642 ren ſo vonn boͤſen Geiſtern vmbge⸗
26 632 875 700 trieben worden ſind / erzelet hab: Beduncket
28 689 875 760 mich / es werde ſich zů ſolchem handel nicht
28 749 876 815 vbel rheimen / wenn ichein Geſchicht / die
28 800 873 869 ich ſelber inn Geldern an einem bettler mit
28 857 873 927 nammen Juſtus / geſehen hab / anziehen. Di
28 912 870 984 ſer Juſtus / damit er den Leuten deſter baß
28 967 873 1042 die Seckel ſchneutzete / vnd ihr allmůſſen
28 1030 871 1095 deſt hauffechtiger abſtele / hat er ſich fuͤr
28 1083 876 1152 die Kirchenthuͤren gelegt / vnnd als er vom
28 1140 876 1217 Teuffel beſeſſen were / ſeltzam geſtellet / denn
28 1193 875 1268 als er dort lag / wie einer den der Schelm ge⸗
30 1250 875 1330 geſchlagen hat / gumpetjhm der Bauch ohn
28 1308 876 1376 vnderlaß vberſich vnd vnderſich: Vnder⸗
26 1363 876 1431 weilen buͤcket er ſich / als ob jn einer mit vn⸗
28 1418 876 1498 geſtuͤmmigkeit anrandte / derhalben er die
30 1480 878 1556 flucht zunemmen genoͤtiget wurde / verkehꝛt
28 1535 875 1606 auch das angeſicht vnnd die augen / daß es
28 1588 876 1681 anzuſehen gantz ſcheutzlich war : Neben
796 1650 868 1726 fm
