1156 1997
288 126 987 198 6Von verblendung der
286 173 1119 256 menen giffts wegen / nemlich / des Butterd
286 239 1121 302 wegen / denen daͤrmen vnd eingeweiden kein
286 286 1122 364 leyd geſchach. Nach dem vnnd er aber ſein
288 344 1119 416 dinglein gemacht / eine zimliche beut / vnder
288 402 1119 474 dem ſchein des Almůſens / daruon gebracht /
288 459 1121 534 vnd jederman von dannen ſich zuhauß ver⸗
286 512 1121 594 fuͤget / thet er den rigel von der hindern thuͤr
288 567 1121 645 hindaůen / vñ lieſſe den vnruͤwigē Geiſt / den
289 624 1122 703 gfangnē Mercuriů nemlich / od Queckſilber
286 685 1124 757 ledig. Ich hab dieſen verꝛůchten Bůben / am
288 735 1124 815 zehenden tag / nach dem er dieſes leckerſtuck
288 792 1122 872 geůbet / von wegen begangener vier moꝛden
289 847 1124 928 geſchen / nach gemeinem brauch vund her⸗
286 906 1119 980 kommender gewonheit Teutſcher nation /
286 965 1121 1030 auff ein Rad ſetzen / darab er denn vber zwo
288 1016 1119 1090 ſtund / widerumb geſtiegen / jedoch gleich
286 1076 1116 1149 deſſelbigen tags widerumb darauff geſetzet /
288 1138 1121 1204 vnnd jhm die Gurgel abgewuͤrget wor⸗
286 1183 1117 1261 den iſt. In dieſe zal gehoͤrt auch der betrug /
286 1239 1122 1316 ſo komilich mag wider die commenticias li⸗
289 1296 1124 1376 gaturas / das iſt / erdichteten verzauberun⸗
288 1354 1122 1431 gen gezellt werden / welches ſich etwann ei⸗
283 1407 1121 1484 ner / mit nammeu Hans Vatter / buͤrtig
284 1464 1119 1536 auß einem Dorff Mellingen / ein halb meil
284 1521 1121 1594 von Weinmar / inn Duͤringen gelegen / ge⸗
284 1574 1124 1665 braucht hat. Diſer / ſo ſonſt/ ſeines ſtands hal
1034 1632 1119 1719 ben
