1179 1998
91 119 862 191 boͤſen Geiſter / Das lII. Buch. i4
24 183 860 248 ben ein Kuͤwhirt war / iſt diey gantzer Jar /
26 243 865 313 durch etliche namhafftige Stett Teutſcher
24 303 864 369 nation vmbher gezogen / vñ fuͤrgeweñt / wie
24 352 864 417 cr auff S. Johañis tag / moꝛgens frů / als er
23 409 864 479 der Kuͤwen huͤtet / von Nielaus Gottel / ſo
21 462 864 537 nachmal vonn ſeiner boͤſen thaten wegen / zu
29 522 860 586 Weinmar verbrañt / verzaubert ſeyewordē /
24 581 860 642 vnd nach dem er von jm blawfarb brot / auß
26 631 864 700 ſechſſerley blůͤt zůbereit / nemlich / auß eines
24 694 864 759 vngetaufften kindes blůͤt / ſo er ſelbs vmbge⸗
23 744 862 815 bracht / Schlangen blůt / Krottenblůt / des
29 802 862 872 Viſches Ehmi bl.t / Fuchsblůͤt / vñ Wolfs⸗
21 859 855 929 blůt / angenomen habe / daher er i2. jar lang /
24 914 860 980 grauſamlich von dem Teuffel muͤſte gepei⸗
23 970 865 1033 niget werden: Er behielt auch / es hette vor⸗
23 1025 860 1095 gemelter Niclaus Gotiel ſolches alles in der
23 1080 864 1155 gefengknuß bekañt vnd verjchen. Vñ daher
24 1133 865 1205 gab er fuͤr / hette jhn der boͤſe Geiſt / auff viel
21 1195 859 1258 vnd mancherley weiß vnnd weg gepeiniget /
19 1250 862 1323 es begabe ſich auch mehrmalen / daß er jhm
23 1305 862 1378 ſeine hend inn einem augenblick / mit einem
23 1363 864 1428 ſeyl auß roſſzhaar vnd ſeidenen bletzlen oder
26 1418 860 1491 faͤſerlein ſo hart auff den rucken binde / das /
23 1478 865 1548 wo jhm ſolche hand nicht den aller nechſten
23 1533 864 1601 auffgehauwen wurden / das haͤlle bluͤt her⸗
23 1588 855 1676 auß fluͤſſen wuͤrde / denn es waren die knoͤpff
734 1650 847 1723 ſolchi
