1160 1997
292 134 381 191 145
456 126 996 194 Von verblendung der
296 178 1130 246 ſolches bands / ſo artlich durch einander ge⸗
297 231 1130 311 flochten / daß ſie jemandt auffzuloͤſen vn⸗
296 291 1126 361 moͤglich waren. Er beklagt ſich auch / daß
299 346 1135 421 jhme zuuor vor groſſer angſt / das blůt zů
297 404 1130 475 dem lincken ohr vnd Mund außlieffe. Vn⸗
299 457 1131 534 andm erzelt er / wie er auff ein zeit zu Mans⸗
301 519 1133 590 feldt inu bie luͤfft dahin gefuͤrt / vnnd von ei⸗
297 570 1133 647 nem ſtarcken Wind biß ghen Hall vber die
299 629 1131 702 Ringmauwren eingeworffen were worden /
302 685 1135 755 vnd allda mit ſilbernen Ketten angebunden:
306 742 1131 813 Item / als er zu Bern inn einen Thurn ge⸗
302 798 1135 868 legt / darmit er von des Sathans volterſeyl
299 855 1133 921 etwasliberung hette / vnd von ſeinen banden
301 908 1133 976 frey ſicher erhalten wuͤrd / ſeye er / nicht mehi
299 971 1133 1038 denn inn einem hembd / von jhm / dem boͤſen
299 1020 1133 1093 Feind / durch ein einiges loch / ſo er durch das
301 1078 1133 1151 gewelb gebrochen / herauß gezogen / vnndin
297 1133 1131 1203 ein weite einoͤde gefůͤrt worden / wie aber ſol⸗
299 1189 1131 1263 ches zůgegangen / ſeye jhme mit nichten zu⸗
297 1243 1133 1318 wiſſen / daſelbſt ſeye er drey naͤcht ohne alle
296 1299 1131 1367 menſchliche ſpeiß verharꝛet. Weiters ließ er
297 1357 1133 1431 ſich auch mercken / wie er auff ein zeit / vonn
296 1414 1131 1484 dem Teuffel mit eiſenen Ketten vmb ſeinen
294 1471 1130 1541 leib / fůͤß vnnd halß gebunden / vnnd in einel
294 1527 1133 1602 ſchewren / an einen Galgen / von jhm / dem
301 1582 1133 1675 Sathan auß groſſen hoͤltzern gezimmeret
1045 1644 1128 1705 vnd
