1166 1998
79 113 861 179 boͤſen Geiſter / Das lll. Buch. iz
24 164 862 244 die ſachen an die hand namen / vnd ſo viel ſie
26 223 864 294 von der krancken vnd andern verſtehen vnd
24 281 866 352 abnemmen mochte / ließ es ſich / als ob ſie den
28 331 867 411 fallenden ſiechtag hette / anſehen. Daß aber
26 396 867 467 der Moͤnch jhr gefehrt vnd gleidsmann we⸗
24 449 869 531 re / ſagt ſie / geſchehe vmb keiner andern vr⸗
29 509 867 584 ſach willen / denn daß ſie deſto minder vonn
28 559 867 637 dem Teufſel angerennet wuͤrde / vnd zuletſt
28 616 871 699 iſt ſie ſo weit gebracht woden / daß ſie bekeñt
28 670 866 754 hat / er lige zu nachts bey jren in jrem Beth /
26 734 871 814 doch nicht gar nackend / denn er / als ein ge⸗
28 784 872 869 weihete perſon / zu dem minſten das vnder⸗
29 839 872 920 hembdlein anbehielte . Als aber ſie auff ein
31 895 869 982 zeit / moꝛgens fruͤ auß dem ſchlaff erwacht /
31 957 874 1035 vnnd beyde jren Vettern vorgemelt / vnnd
33 1007 874 1090 den gedingten gefehrten inn Hoſen vnnd
36 1062 877 1150 Wames bey jren auff dem Beth ſahe ligen
34 1125 876 1208 (denn ſie villeicht vergangnen abendt / der
36 1178 874 1260 flaͤſch dermaſſen auff den riemen getretten /
36 1233 879 1313 daß ſie jren kein acht hett genommen) treu⸗
36 1288 879 1376 wet ſie jhnen gantz ſtrefflich / wo ſie ſolches
36 1346 881 1431 mehr theten / wolt ſie ſie mit den fůͤſſen vber
36 1401 884 1480 das Beth abſtoſſen. Jedoch hat das gůt
39 1456 884 1538 beſchoren Gugelfrentzlein / vonn wegen ſei⸗
39 1515 887 1600 nes Heiligthumbs / denckeich wol / gůten
43 1570 886 1673 bey jren. Als ſie vndern anderm befra⸗
804 1635 889 1706 get
639 1636 731 1708 k v
