1157 1997
304 126 992 193 154. Von verblendnng der
307 181 1137 254 get wurd / was des Moͤnchs Kellerin / deren
301 237 1137 312 er nur ein bar zu Werlen ſitzen hat / darzů
302 299 1137 359 ſagten / daß er alſo mit jhren im Land
301 354 1133 422 vmbher zuͤge / hat ſie zu antwoꝛt gegeben: Es
301 404 1135 474 muͤhet vñ verdreuſt ſie ſo vbel / daß jnē moͤch
301 459 1133 534 te der kropff zerſpringen. Vnd dieweil ſich d
301 522 1135 587 Moͤnch hoͤꝛen ließ / er koͤñte mit dreyen woꝛ⸗
299 577 1133 645 ten ein ſeltzam ſpectackel an jhren anrichten /
296 634 1137 702 vnd jm ſolchs von meinen Collegis verguͤnt
294 688 1135 763 vñ erlaubt ward / daß er alles das jenige / ſo er
296 747 1135 815 zu der ſach dienſtlich vermoͤcht / zu erzeigen
294 802 1135 870 vnd beweiſen vnbeſchwert were / hat er gantz
292 863 1133 931 vnd gar nichts vermoͤgen. Zu Manhauſen /
292 910 1137 990 in anſtoͤſſen Hannonie / hat ſich auch eine
294 965 1133 1040 ſolche ſach zůgetragen / welche ich von einer
292 1030 1135 1093 glaubwirdigen / ge lehrten / Gottsfoͤrchtigen
294 1080 1135 1148 Mannsperſonen / ſo mir auff diß mal ver⸗
294 1141 1133 1209 ſchwaͤgert / vnnd allen handel ſelbſt geſehen /
294 1193 1133 1264 gehoͤrt hab: Denn als er dazumal ohn ge⸗
292 1251 1137 1318 fehr bey dem Vogt oder Statthalter ernañ⸗
291 1309 1133 1374 ter Statt ſich hielte / der denn jm blůts hal⸗
291 1359 1133 1434 ben verwandt / vnnd er derhalben jhn zu be⸗
289 1412 1132 1484 ſuchen dahin kommen war / hatt er / alser
291 1476 1132 1549 auff ein zeit vor der thuͤren ſtůnd / geſehen /
288 1526 1132 1607 das Volck allenthalben her / hauffechtig zu⸗
288 1584 1133 1674 ſammen lauffen: Fraget er / was das be⸗
952 1652 1132 1739 deutctes
