1157 1998
90 119 863 189 boͤſen Geiſter / Das Ill. Buch. 1
28 176 863 256 jm an den halß S. Gundules Heilgthum /
28 231 871 304 inn einem ſilbern Gefaͤß / als ein gewiß Ale⸗
30 288 873 357 riterium / den Teuffel außzutreiben. Da
31 346 871 419 hat der beſeſſen angefangen ſich zu walen / zu
30 406 873 474 winden / vnnd zu ſchreien / daß einer / er thete
30 461 875 531 es dem Stentora bey dem Homero weit be⸗
31 511 873 592 uoꝛ / vermeinet hette. Darnach gleich alsob
31 569 871 647 er vbergewaltigetwere / gab er auff alle frag
35 624 875 707 gůͤten beſcheid / als er aber die fragen / ſo jhme
33 685 878 762 der Pfaff fuͤrleget / mehrertheils dahin ge⸗
33 734 878 810 richtet / daß ſie entweders zu ſchmach vnnd
36 792 886 870 ſchand / auch eigener rach abgiengen / oder a⸗
36 847 885 930 ber ſonſt narꝛechtige leppiſche ding / vnd dis
36 905 885 979 nicht wirdeg / daß man daruon rede / inhiel⸗
35 960 880 1037 ten. Nachuolgends tags / můſt d arm Teuf⸗
40 1013 881 1100 felſuͤchtig abermals an den hage / aber ſo bald
38 1073 885 1147 vnd dieſer mein voꝛgemelter Schwager hin
40 1130 886 1213 zů gienge / hat der Pfaff den aller nechſten
38 1187 883 1260 eingeſteckt / vnd feyrabend genommen. Deñ
41 1245 886 1323 er hat (iſt mir recht) vernommen / daß er
41 1305 885 1373 mit etwan einem hochuerſtendigen alten /
43 1355 890 1430 dieſes beſeßnen halben ein ſprach gehalten
43 1411 890 1491 hat / daher ſie beyde / es ſteckete ein lauterer
41 1471 888 1550 betrug hinder der ſach / inn ein argwohn ge⸗
43 1525 888 1598 rathen waren. Vnnd als er jm volgends
46 1580 891 1676 uff der gaſſen begegnet / ſpracher zů jhm in
748 1641 886 1713 Latein
