1157 1998
70 113 851 183 boͤſen Geiſter / Das lIl. Buch. i9
15 169 848 244 vnuerſtendig Bauwersuolck wohnhafftig
15 224 853 299 war / iſt ein Pfaff / welcher viel tugentli⸗
16 281 851 351 cher einzug mit etlich Roſſen zu regieren /
16 337 858 414 denn dem Seclhirtenampt fuͤrzuſtchen / zu
15 392 858 467 einem Vorſtender der Kirchen verordnet
16 452 855 519 worden / darumb / daß ers mit behendig⸗
15 502 856 574 keit im leſen / den vberigen Baͤuwrlein
18 564 856 639 vor thet / vnnd ſie vbertraffe. Vnnd die⸗
15 616 858 690 weil nach altem brauch vnnd gewonheit inn
18 674 856 750 denſelbigen Doͤrffern ohn des Prieſters voꝛ⸗
18 727 856 804 wiſſen / nicht leichtlich etwas an die hand
21 785 860 864 genommen wirdt / iſt das gůͤte Herꝛlein
18 839 858 915 nach vnd nach faſt aller Weibern in demſel⸗
20 905 861 969 bigen Doꝛff Geuatter worden. Als er nun
20 952 861 1032 auß ſolchem anlaß anfieng / mit ſeinen lie⸗
20 1007 856 1080 ben Geuattern / wie es ſich denn begibt /
21 1065 858 1142 kundtſchafft zumachen/ hat er doch eine auß
23 1122 861 1202 jnen allenſammen / mit namhen Liſetta / fuͤr
23 1180 863 1252 einen ſonder traut. Aber jr Haußwirt / wel⸗
23 1233 856 1307 cher ein zeitlang im Kriege inn Franckreich
23 1292 866 1371 ein Schauffelbewrlein geweſt / vnnd aber
26 1351 865 1425 ſetzt widerumb zu hauß / zu ſeiner vorigen /
25 1405 863 1475 vnnd jetzt ein zeit lang vnderlaſſenen arbeit /
26 1458 868 1541 gekehret war / hatt ſich angefangen / wie
26 1523 870 1586 wol gleublich / vonn wegen der gůͤten kundt⸗
31 1568 868 1671 khafft / ſo der ohnmechtige Pfaff zů ſciner
695 1638 866 1714 Frawven
