1163 1998
88 113 878 183 boͤſen Geiſter / Das llI. Buch. si
28 171 869 244 gleiche anſtoͤß etwan erlitten vnd manchen
26 228 869 299 rauhen lufft geſchlucket hab / jedoch ſo kan es
29 286 868 359 ſo vbel nimer ergehen / der ſach iſt deñoch zu
26 341 861 409 helffen / ſo ferꝛ man weißlich vnd fuͤrſichtig⸗
26 397 864 474 lich darzu thut. Liebe meine / nun ſag mir her
26 452 864 527 vnd nim kein blat fuͤrs maul / doͤrffteſt du es
24 507 864 576 vnterſtehen / vnd dich / als ob du von einem
23 564 864 634 boͤſen Geiſt beſeſſen wereſt / ſtellen? Ach mein
23 621 866 695 viel geliebte Mutter / ſprach das junge wei⸗
19 677 861 747 biche / ich wolte dieſe Perſon wol vñ geſchick
19 732 859 810 lich außfaͤhren / ſo ferꝛ ich ein gute hoffnung
26 792 859 870 faſſen moͤchte / daß ich auff ſolche weiß vnnd
19 847 859 920 maß etwas ſchaffen vnd außrichten wuͤrde:
21 902 854 975 Denn ich noch inn friſcher gedechtnis hab /
19 957 859 1027 wie voꝛ etlichen jarē / als ich noch ein kleines
19 1013 861 1093 junges Toͤchterlein war / eine aus meiner el⸗
19 1073 863 1145 teren nachbewrin / deren auch eben da wehe
19 1132 861 1205 war / da ich mich klag / ſoͤ offt ich ſampt an⸗
19 1183 859 1257 deren meinen geſpielen jren begegneten / ſie
23 1238 858 1317 ſo artlich vnnd meiſterlich / als ob ſie einen
21 1297 853 1365 Geiſt bey jrn hette boͤcken koͤnnt. Darauff
18 1351 856 1428 nun ſie die Liſetta / von der alten Hagelſie⸗
18 1408 856 1486 derin mit groſſem fleiß / vnd auffs aller trew
19 1463 859 1541 lichſt in der ſach vnterꝛichtet war / derhalben
26 1523 858 1600 ſie (wie ſie denn gelehrt) voꝛ der Kirchē / nach
23 1580 859 1684 Amſte die Meß verleſen / gehört hat / anhub
716 1641 868 1709 die aue
