1162 1997
71 79 857 158 boͤſen Geiſter / Das lll. Buch. 57
21 129 857 222 gnediglichen verzeihen vnd vergeben. Vnd
19 188 857 277 nach dem er ſeiner bitt von Pfaff Mauri⸗
23 246 859 327 tzen leichtlich geweret / damit nichts boͤſers
24 297 859 394 zu der ſache ſchluͤge / begab er ſich ohn allen
24 356 862 444 verzug in aller ſewen nammen auff die wall
29 411 859 505 fart. Hiezwiſchen that herr Mauritz wie er
28 469 864 557 verſpꝛochen hatt / vnd wartet der guten Li⸗
28 522 860 612 ſettē mit ſolchem ernſt / nicht nur bey nacht /
31 580 865 673 ſonder auch vnterweilen tags / wañ der geiſt
29 639 867 722 etwan in jhrn rumplet wie ein Hurnaus in
28 693 864 778 einer trommen / alſo daß ſie wol mit jhm zu
36 752 867 842 fii den / vnd in allweg onklagbar was. Ich
34 808 877 891 weiß auch nicht was die angenomene Wall⸗
39 860 870 953 fart fuͤr ein ſonderbare krafft hatt / dann der
36 911 873 1005 vordrig Kuͤtzelgeiſt raumet die Herberg / vñ
41 973 875 1065 gab ein weiten: Aber er ließ einen anderen
41 1030 875 1118 hinder jhm / welchem nach vnnd nach / das
41 1085 880 1171 doch ein ſeltzam wunder iſt / anfiengen hend
44 1139 880 1229 vnnd fuͤſſe zu wachſen / du hetteſt ein eyd ge⸗
46 1194 887 1293 ſchwoꝛen / es were ein junges geweſen. Wel⸗
44 1251 888 1339 ches / ſo bald vñ es an die welt gebracht / dgu
48 1308 890 1396 te Wallbrud / als er wid zu hauß komen / mit
49 1364 892 1457 groſſen freuden / als ob es ſein eigē fleiſch vñ
48 1427 895 1516 blut were / von ſeiner Liſetta / die nun mehꝛ
51 1477 898 1562 wol wider zu jr ſelber kommen / angenomen
56 1531 892 1649 hatt. Das heiſt Narten mit Kolben gelauſet/
794 1594 908 1669 MNir
571 1597 670 1679 l iiij
