1158 1997
271 133 358 189 168
384 126 983 193 Von verblendung der
274 174 1109 256 Mir nicht / Mir nicht. Hieher mag auch
271 244 1114 312 noch ein andere / gleiches Arguments Hi⸗
276 292 1116 367 ſtori geſetzet werden. Es iſt etwan auffei
273 346 1116 421 zeit ein Frewlein / in dem Doꝛff Well / mit
271 404 1114 477 nammen Bartholomea geweſen / welche ſo
271 460 1111 532 in der Meß der Hymnus: Ehre ſey Gott in
269 514 1113 590 der hoͤhe / inn Teutſcher zungen / geſungen
268 575 1111 640 ward:dē aller nechſten / als ob ein Teuffel in
269 629 1111 705 ſie gefahren were/ ſich nicht anderſt / deñ als
268 685 1111 758 ob ſie verzucket / geſtellet / deſſen deñ mennig⸗
268 740 1109 818 lich / ſo zu gegen geweſen / vbel erſchrocken /
268 800 1111 863 denn ſie in ſolcher pein vnd marter / allwegē
268 855 1109 930 biß das Geſang zu end gebracht / verharꝛet.
266 913 1109 985 Als man jren nun ein zeitlang durch die fin⸗
266 965 1108 1041 ger ſahe / vnd ſie aber nichts deſto mind jier
263 1020 1109 1091 fortfuhr / ward ſie zuͤ letzt / von Frawen An⸗
261 1086 1113 1143 na von Firmont / welcher denn das gemelt
259 1134 1109 1199 Doꝛff zuſtendig / vnd vnterwoꝛffen / inn das
263 1191 1111 1266 Schloß hinauff beſchicket: Welche denn
258 1248 1108 1321 gantz freundtlich vnd ſanfftmuͤtiglich ſie be⸗
258 1304 1103 1377 fraget / was ſie doch je vermeinte die vrſach
258 1367 1104 1437 zu ſein / daß ſie / ſo bald das geſang angienge /
254 1419 1106 1491 dermaſſen gepeiniget wuͤrde / ſo doch die
254 1474 1104 1547 Teutſch vnnd Lateiniſchen woꝛt / aller ding
256 1531 1106 1602 gleich vnd einhellig lauteten. Zů dem laſe
256 1587 1106 1685 ſiejhren auch gemelten Hymnum vor / vnd
984 1645 1106 1709 exkle⸗
