1164 1996
281 119 999 184 i7 Von verblendung der
279 184 1122 239 woꝛden were / als denn wirdt / daruͤber ein vr⸗
279 231 1120 304 theil zufellen / den Aertzten zuſtehn: welche
278 289 1122 364 nach außweiſungjhrer hochberhuͤmpten / vñ
281 344 1119 417 gantzem Menſchlichen geſchlecht nuͤtzlichē /
276 402 1119 477 ja notwendigen kunſt / zwiſchen den gifften
276 459 1122 530 (deren verboꝛgene heimliche krafft vnd wir⸗
273 512 1120 580 ckung mit ſeltzamen zufaͤllen / ein Menſchen
274 570 1122 645 peiniget) auch zwiſchen den kranckheiten voͤ
274 623 1117 698 gifft entſtanden / ( welche denn nicht allein
271 690 1119 755 mit jren augenſcheinlichen qualitatibus vñ
271 736 1117 810 eigenſchafften / ſonder auch mit jhr gantzer
271 793 1117 868 ſubſtantz feindſchafft den brunnen vnſers le⸗
269 853 1115 921 bens erſchoͤpffen / vnderſtanden) vnd zwiſ⸗
269 908 1117 976 chen andern gemeinen ſeltzamen / heimlichen
269 963 1115 1036 jedoch natuͤrlichen kranckheyten / auß einer
101 1017 1114 1101 Sioſco⸗ jeden ſonderbaren warzeichen vñ anzeigung
99 1076 1115 1156 rides in zu vnderſcheiden wiſſen / denn je die jenigen
99 1132 1115 1202 der vor⸗ ſo vergifftet / noch deß eingenomen oder an⸗
99 1187 1117 1262 red des geſtrichnen giffts / augenſcheinlichen qua⸗
98 1234 256 1325 s. buche
263 1250 1112 1315 litatibus / oder auch ſeiner gantzen ſubſtantz
266 1302 1114 1370 vnd weſens heimlicher eigenſchafft / auff vil
261 1358 1114 1430 vnd mancherlei weiß gevexiert vnd gefrettet
259 1413 1114 1483 werden / alſo / daß ſie an den magen / bauch / in
263 1470 1112 1546 geweid / Lebern Nieren vñ Blaſen / groſſen
259 1526 1112 1596 moͤrdlichen ſchmertzen leiden. Item daß ſie
261 1590 1109 1673 gligſen / inwendigs nagē empfinden / zittern
929 1641 1105 1726 froͤſtlen /
