1169 1997
294 113 1000 183 7αVon verblendung der
296 171 1132 237 nicht wol zu baß ſey. Hiezwiſchen ſollen wir
293 229 1130 292 auch eingedenck ſein / daß offt aus einer pu⸗
293 282 1130 351 tredine vnd erfaulung / ſo in vns vber hand
294 342 1130 416 genommen / oder ſonſt aus einer verborgnen
293 394 1129 464 vrſach her / gifft in vns waͤchſet vnd entſte⸗
161 450 1129 524 Im E. het. Dieſe frag / wie das Galenus meldet /
128 502 278 562 Buch d
126 552 278 625 locisaff
294 505 1130 582 haben auch die alten Medici auff der bann
128 597 228 673 ctis.
294 564 1129 642 gehabt / vnd mit lauterm argument ſchließ⸗
288 629 1130 697 lich abgenommen / daß gleiche frucht vom
289 678 1125 755 gifft / vnd jnnerlicher verfaulung her erwach
286 735 1127 810 ſen moͤge. In dieſe zal / gehoͤren auch die jhe⸗
283 792 1120 862 nigen / welchen das Recept / Gang mir nach /
284 855 1127 913 iſt angebotten / vnnd eingegeben worden:
288 903 1127 971 Wie wir deñ bey dem berhuͤmbtē Geſchicht
284 956 1127 1031 ſchreiber Plutarcho / von Marco Antonio
284 1015 1127 1090 glaubwirdiglichen leſen / daß er durch ſolchs
281 1070 1129 1141 mittel / ſeinem Holderbulen Cleopatra / der⸗
279 1124 1122 1204 maſſen in dem angeſicht verirret ſeye / daß er
281 1183 1024 1256 weder raſt noch rhu haben hat moͤgen.
283 1236 1117 1311 Ek Das vnterweilen das Diech moͤge vergiff⸗
279 1284 1122 1346 tet werden: jedoch mehrer thcils ſonſt ein bo⸗
278 1332 1120 1396 ſe ſucht aus Gottes verhengnis / von vnſerer
279 1382 834 1449 ſuͤnden wegen darůber gehe.
472 1429 925 1484 Das X XIIIl. Capitel.
396 1471 1117 1547 As auch vnterweilē dz Viech / durch
358 1546 369 1620 :
388 1529 1114 1602 gifft / ſo jhme eingegeben / oder nicht
401 1584 1122 1675 meher denn zu ſchmecken fuͤrgeleget
934 1645 1115 1725 worden /
