1169 1997
288 133 987 201 ars Von verblendung der
289 179 1032 244 Hic quondam morbo cceli„ miſeranda coorta ebl
293 232 962 297 Tempeſtas, totoiß autumnt incanduit aſtu,
291 281 1089 356 Et genus omneneci pecudum dedit, omne ferarum
293 329 1044 401 Corripui lacus, inſecit pabula tabo. Das iſt:
294 377 944 459 Der Himel ſtund zur ſelben friſt
294 436 879 515 Daß daher bald entſtanden iſt
296 494 880 570 Ein vngewitter hie auff Erd
296 550 1010 627 Hat faßt den gantzen Herbſt gewert.
298 609 917 685 Mit groſſer hitz daſſelb abgieng
298 659 1012 737 Daruon das Vich zſterben anfieng.
296 717 1014 797 Den wilden Thieren thets auch wee
299 775 962 855 Es raumet auch die ftuͤß vnd ſee.
301 832 855 908 Ja alles futter auff der heid
303 883 979 968 Vergifftet ward dem Vieh zuleid.
356 956 1137 1031 Den vnderſcheid aber hatt er in den vor
299 1018 822 1086 genden woꝛten angezeigt.
301 1065 1057 1139 Ouam multe pecorum peſtes, nee fngulae morbi
299 1116 1027 1171 Corpora corripiunt. Das iſt:
299 1159 1050 1234 Es hatt das Vieh manche kranckheit
299 1218 960 1301 Eim jeden iſt die ſein auffgleit / ꝛ.
361 1299 1140 1376 Im Jar da man zalt von Chriſti vnſers
301 1354 1137 1432 Erloͤſers vnd Seligmachers geburt e552.
299 1412 1135 1482 als der hoch vnd wolgelert D. Solenander /
298 1467 1135 1544 mein lieber herꝛ vnd Collega / nicht weit von
298 1521 1137 1594 Luca in Italia in einem gemeinen bad ſein
301 1579 1134 1669 practie vbet / erzalt jme Franciſeus von Per⸗
1012 1640 1134 1720 gula /
