1170 1997
83 113 868 179 boͤſen Geiſter / Das lll. Buch. 79
29 168 867 244 gula / welcher zu derſelbigen zeit inn namen
28 226 867 291 deren von Luca allda Statthalter war / daß
26 281 865 351 nicht weit von dannen inn dem refier vmb
26 336 867 414 das doꝛff Menabia herumb gelegen / zu auß⸗
28 392 867 467 gang des Meyen ein ſolch grawſam ſchedli⸗
28 449 865 519 che ſucht vnter das Vieh kommen ſey / dar⸗
26 504 862 572 uon es vnuerſehenlich vñ in enē augenblick
24 562 867 630 angegriffen ward / geſchwal / nider fiel / vnd
29 622 868 692 ſtarb. Als aber nun das Bawers Volck der
29 672 867 748 ſach war nam / fuͤhren ſie zu / ſo bald ſie be⸗
26 728 863 803 dunckete / daß etwan ein hauptuieh auch den
24 783 865 858 butſch hette / metzigeten ſie es den aller nech⸗
29 850 867 916 ſten / da ward man gewar / wenn mit ſolches
24 900 860 973 gemetzgeten viehs blut ein nackender menſch
24 960 860 1025 beſpꝛengt ward / das Sanet Anthonirach
23 1011 868 1086 daher entſtunde / vnd (deſſen ſich hoch zuuer⸗
31 1065 867 1134 wundern) ſo ſich die blatern nit herfuͤr thä⸗
28 1121 870 1194 ten / ware es vnſchedlich / ſo ſie aber offen wa
28 1178 867 1254 ren / vnd nicht den nechſten außgebreñt / fraſ⸗
29 1239 870 1309 ſen ſie gar weit vmb ſich / alſo / daß auch etli⸗
28 1291 865 1364 che gar darauff gehen muſten. So dz fleiſch
31 1351 868 1424 ſolchs viehs gekocht / vñ geſſen ward / bracht
23 1409 870 1474 es gar keinē ſchaden / jedoch ſo hat ſich befun⸗
24 1459 868 1527 den / dz die bruͤen / in dē das fleiſch geſotten /
21 1514 870 1590 ein toͤdtlich gifft ware. Es iſt aber wol acht
23 1570 865 1672 zunemen / vnd in keinem weg zumucrachten /
767 1629 858 1705 daß
577 1630 697 1707 m ij
