1158 1997
279 149 354 203 182
448 133 986 198 Von verblendung der
278 184 1121 264 ſeines Volcks verſchonen / vñ der Herꝛ wird
279 239 1123 312 antwoꝛten vnd ſagen zu ſeinem Volck. Si⸗
279 296 1123 379 he / Ich wil euch Getreyde / Moſt / vnd De⸗
278 359 1123 431 le die voͤlle ſchicken / daß jr gnug daran haben
279 409 1123 487 ſolt / vnd wil euch nicht mehr vnter den Hey⸗
278 467 1123 542 den laſſen zu ſchanden werden. Nun dieſen
283 522 1124 599 ſchaden / ſo man denn vnterweilen an dem
284 577 1126 657 Vieh vnd den Fruͤchten erleydet / neien et⸗
278 634 1126 710 liche gar mit groſſer vngedult auff ſich / vnd
279 690 1124 763 ſchreiben ſolchs nicht / wie aber Job that /
278 743 1126 822 Gott dem Herꝛen zů / ſonder lauffen den al⸗
274 803 1124 873 ler nechſten dahin zů den Warſagern / Teuf
278 858 1124 938 felobeſchwerern / vñ ſchnoͤden Meßpfaffen /
274 913 1124 990 welche mehr theils ſolcher Teuffelskuͤnſten
281 970 1126 1048 Patronen ſind / gleich als ob jrem Vich von
276 1025 1128 1096 einer Hexen / mit des Teuffels huͤlff und bey⸗
281 1081 1126 1158 ſtand / ſolchs widerfahren ſey: Welche denn
276 1139 1128 1214 als bald mit jren ſtinckenden iuͤgen / dieſe zwi
279 1194 1126 1273 fach arbeitſelige Leute (denn ſie beyde / von
279 1253 1129 1326 jres vnglaubens / vnd erlittenen ſchadens we
281 1308 1126 1382 gen / arbeitſelig ſind) in jrer falſchē meinung
283 1364 1128 1444 ſo ſie ein mal gefaſſet / vnd aberglaubē ſterck⸗
279 1424 1129 1487 ten vnd beſtetigeten / braucheten auch nicht
283 1474 1128 1554 allein ein abergleubiſche / ſonder auch ein vn
283 1532 1126 1602 goͤttliche cur / von deren wir im volgenden
294 1584 1124 1684 lichetwas weitleuffeiger ſchreiben werden/
988 1645 1119 1730 dadet
