1164 1998
76 93 859 166 boͤſen Geiſter / Das lIl. Buch. 81
19 144 859 224 da denn auch angezeigt werden wird / daß vn
19 198 859 286 terweilen mit Wolffs kot / ſo in die Krippen
18 256 860 344 gelegt / das veruntrewen des Viechs vertric⸗
18 309 857 402 ben wird. Wiees aber zu gehe / daß zu zeiten
19 367 854 449 aus haar / in der Thieren leib zimliche groſſe
19 431 854 506 ballen entſtanden / daruon iſt voꝛ gnugſamer
21 477 857 567 bericht gegeben worden. Die Schwein der
23 527 1030 616 Gadarenern / wie die Schrifft das bezeuget / Marh.s
31 584 1024 679 ſind von dem Sathan verheret in das Meer Marc.;
862 632 995 709 Luc. 8.
23 646 852 735 geſtuͤrtzet vñ vmbgebracht worden. Es hat
21 707 860 785 der alt Einſidler Hilarion / wie Hieronymus
21 757 869 849 in beſchreibung ſeines lebens meldet / geleh⸗
23 815 867 904 ret / daß der Teuffel von des Menſchen we⸗
23 870 870 957 gen auch das Vich ſchedige / denn er je dem
28 930 872 1015 Menſchen ſo ſpinnen feind ſey / daß er nicht
26 982 864 1070 allein jhn / den Menſchen nemlich / ſonder
28 1042 877 1123 auch alles das / ſo er hat vnd beſitzt / begeret
28 1092 875 1182 außzumachen / vnd deſſen habe er den from⸗
29 1148 875 1242 men / geduͤltigen Job / zu einem augenſchein⸗
31 1203 874 1300 lichen Exempel angezogen / deñ zuuoꝛ / vnnd
91 1262 824 1343 ob er von Gott / dem Sathan / jhn an
131 1322 774 1411 ſeinem Leib anzugreiffen / vber⸗
168 1378 752 1465 geben ward / hat er ſein gantze
274 1440 654 1511 ſubſtantz dahin ge⸗
378 1496 541 1566 richtet.
214 1543 722 1648 Ende des dritten Bůchs.
499 1605 631 1689 m iiij
726 1595 892 1678 Volget
