1149 1996
389 119 1122 201 Volget nun das Vierdte
274 192 1120 279 Buch / in welchem / wie man de
271 272 1120 354 nen / ſo man verunttewet /odet
278 337 1122 439 vo einē boͤſen Beiſt beſeſſen ſein
279 417 1120 508 vermeinet zu huͤlff komen moͤ⸗
284 499 1124 588 ge / angezeigt wirdt. Da denn
279 573 1120 665 auch aus anlaß in einer arbeit /
279 650 1122 735 von gleichs argumēts vnd jfi⸗
278 721 1122 816 halts wegē etliche curē vñ hei⸗
278 796 1122 894 lungē / ſo dē Hexenwerck nicht
281 876 1120 974 faſt vngleich / angezogē:vnd wz
283 953 1124 1041 groſſer eitelkeit / narꝛereh vñ a⸗
278 1026 1122 1122 berglaubē hind den Lig aturē /
278 1102 1125 1199 Charactern / Fingerꝛingē/ Pe
274 1177 1125 1274 riaptē Bildniſſen vnd andern
276 1254 1117 1355 fantaſeiē / derē ſich abergleubig
273 1332 1120 1425 leut beyde zu hehlen vñ zu ver⸗
273 1405 1122 1503 letzen / ſchloͤſſer auffthun / oder
273 1483 1119 1581 diebe zuergretſchen gebrauchē /
278 1560 920 1683 ſtecke / ang ezeigt wirdt.
1027 1640 1117 1714 Von
