1161 1997
294 113 1006 178 iαo Von verblendung der
296 164 1131 236 vernichtē. So aber jemandt ſůndiget ſpꝛicht
301 219 1129 297 Johannes / ſo haben wir einen Aduocaten
294 277 1127 349 vnd Mitler bey dem Vatter / vnſern Herm
134 387 1124 465 i. Cor.6. verſuͤhnung fuͤr vnſere Suͤnde / nicht allein
298 331 1129 406 Jeſum Chriſtum den gerechten. Er iſt die
289 445 1127 522 aber fuͤr vuſere / ſonder auch fuͤr die Suͤnde
288 500 1122 574 der gantzen Welt. Vnd darbey wiſſen wir /
288 564 1126 627 daß wir jhn erkennen / wenn wir ſeine Ge⸗
286 614 1121 685 bott halten: Welcher ſpꝛicht / ich kenne jhn /
289 668 1122 742 vnd helt nicht ſeine Gebott / der iſt ein Luͤge⸗
289 725 1126 802 ner / vnd iſt kein warheit in jhm. Welcher
284 787 1126 852 aber ſeine Wort helt / in dem iſt warlich die
284 835 1124 911 liebe Gottes vollkommen. Vnnd darbey
284 893 1124 971 wiſſen wir / das wir in jhm ſind: Welcher da
284 950 1119 1021 ſagt / daß er in jhm ſey / der ſoll auch / wie er
286 1001 1122 1080 gewandlet hatt / wandlen. Welcher ſuͤndi⸗
284 1058 1121 1133 get / der iſt aus dem Teuffel / des je der Teuf
281 1116 1116 1189 fel von anfang ſuͤndiget: In dem ſind auch
281 1179 1121 1244 eben offenbar die Kinder Gottes vnnd des
283 1229 1117 1308 Sathans. Ein jeder / der nicht handlet nach
278 1288 1116 1356 der Gerechtigkeit / der iſt nicht aus Gott /
278 1341 1119 1419 vnd der ſeinen Bruder nicht liebet. Daher
274 1397 1117 1469 denn der Apoſtel Paulus anzeiget / daß inn
276 1457 1117 1536 JEſu CHriſto weder die vorhaut / noch be⸗
271 1511 1114 1587 ſchneidung etwas gelte / ſondern allein der
273 1565 1116 1664 Glaube/ ſo durchdie liebe thetigiſt: An wel⸗
1009 1632 1106 1700 ches
