1204 1997
66 133 932 244 Carmen Johannis Bra
73 227 919 326 chelij beider Rechten Licentia⸗
98 304 892 382 ten / vom jnnhalt der Buͤcher Johannis
219 362 776 434 Weier von der Hexerey vnd
326 422 597 495 bezauberung.
163 539 865 607 Rſtlich als Gott der Schoͤpffer werd
206 590 907 659 Den Himel ſchuff vnd auch die Erd.
158 634 864 695 Den Himmel mit den ſternen mutzt
188 683 905 747 Die Erd mit laub vnd graß außbutzt.
58 728 724 793 Hat er ihm auch Engel geformiert
106 778 597 835 Die ſelben dahin dirigiert
56 827 699 883 Daß ſie in ſeinem dienſt vnd fron
106 868 676 926 Sich allzeit ſolten finden lon:
61 916 644 975 Zůuerꝛichten mit behendigkeit
104 961 767 1021 Was ihn von Gott wirt auffgeleit.
54 1010 661 1068 Auß ihnen einer woluerſchuldt /
101 1051 711 1111 Entpfallen iſt der Gottes Huld /
56 1100 689 1158 Verſtoſſen auß dem Himmelreich
109 1144 761 1204 In ſchweffeliſchen hellſchen theich /
56 1193 636 1249 Da er denn jetz vnd ewig ſitzt /
109 1238 852 1301 Zur ſtraff ſeiner ſuͤnden zimlich ſchwitzt.
56 1286 689 1339 Vnd ob er gleich hart gbunden iſt /
104 1334 639 1384 So lugt er doch zů aller friſt /
56 1377 764 1434 Wenn es jhm anderſt mag gelingen /
99 1429 850 1489 Daß er was boͤß moͤg zwegen bringen.
56 1477 606 1532 Wiltu nu vor ihm ſicher ſein /
103 1516 666 1574 So were das der rhate mein /
56 1562 804 1622 Du keuffteſt dis bůch vmb ringes gelt /
104 1614 782 1684 Welches Doctor Weier hat geſtellt.
774 1655 900 1734 Denn
