1163 1997
296 119 974 184 ig2 Von verblendung der
296 171 1136 239 bawen wirdt / vnumbgeſtuͤrtzt verharret / ja
296 229 1133 292 wider welchen Felſen auch die Porten der
129 281 1136 364 is. bn Hellen nichts vermoͤgen. Aber wir woͤllen
128 339 1129 419 chevon s auch des Heiligen Lchrers Auguſtini rhat /
129 396 1136 470 ſtat Got vber dieſer ſach vernemmen: Es werden a⸗
128 459 1134 525 tesam is ber / ſpꝛicht er / villeicht die jhenigen / ſo dieſes
131 499 276 567 Capitel.
296 509 1136 579 leſen werden / begeren zů wiſſen / was ich von
293 564 1134 635 allem dieſem fatzwerck der boͤſen Geiſtern
293 620 1131 695 halte / was auch den Chriſten zů thun ſeye /
291 677 1131 752 wenn man fuͤrgibt / daß bey den Goͤtzen der
293 730 1129 807 Heyden wunderzeichen beſchehen. Vnnd
291 790 1128 858 was ſollen wir darzu anders ſagen / denn daß
289 845 1133 916 man mitten auß Baby lon ohn verzug die
289 900 1133 980 flucht neinme? Welchs Gebott des hei⸗
289 956 1133 1030 ligen Propheten Hieremie der geſtalt anzu⸗
288 1013 1131 1083 nemimen vñ zu verſtehn iſt / daß ein jeglicher
131 1068 274 1161 Hier.ki
286 1070 1131 1136 Meiiſchen / dem anderſt an ſeiner Scelen
289 1124 1131 1194 heil gelegen iſt / auß der ſtatt dieſer ſchnoͤden
291 1181 1131 1251 Welt / welche fuͤrwar nichts anders / denn
286 1236 1128 1308 alſo zureden / ein Zunfft vnd Geſelſchafft iſt
284 1296 1129 1362 der verderbten Engeln vnd Gottloſen ver⸗
284 1352 1126 1421 ruchten Menſchen / ſeinen ſitz vnd wonung
284 1409 1126 1482 verrucke / vnd mit ſchritten des Glaubens /
283 1469 1129 1537 ſo durch die liebe thetig iſt / zu dem lebendi⸗
281 1519 1128 1597 gen Gott / mit ſtetem wachſſen vnd zuncm⸗
278 1575 1128 1664 mhen / reiſſen. Denn je groͤſſer wir erfahren
1044 1642 1126 1707 den
