1173 1998
74 113 861 183 boͤſen Geiſter / Das llIl. Buch iof
21 178 1031 249 auß oder an ſollen / haben wir eben noch die Imerſte
23 231 1031 306 zůflucht / daß wir vnſere augen richten zů buch der
21 289 851 359 dir o Gott . Hieher gehoͤrt nun auch der
863 281 1019 341 Chroni.
21 342 858 411 90. Pſalm Dauids. Wer vnder dem ſchirm
863 328 1004 386 am 20.
21 404 866 471 des Hoͤchſten ſitzt / vnnd vnder dem ſchatten
21 459 866 529 des Hoͤchſten bleibt / Der ſpricht zů dem
23 514 858 582 HErrn meine zůuerſicht / vnd mein Burg /
23 572 864 641 mein Gott auff den ich hoffe / denn er erret⸗
19 627 863 695 tet mich ven dem ſtrick des Jagers / vnd von
23 682 859 754 der ſchedlichen Peſtilentz. Er wirdt dich
21 740 866 804 mit ſeinen fettichen decken / vnnd deine zů⸗
21 795 786 860 uerſicht wirdt ſein vnder ſeinen fluͤgeln.
81 849 866 920 Seine warheit iſt ſchirm vnd ſchilt / daß
21 905 869 975 du nicht erſchrecken muͤſſeſt vor dem grau⸗
23 964 871 1033 wen des nachts / fuͤr den Pfeilen die des ta⸗
23 1017 868 1092 ges fliegen: Fuͤr die Peſtilentz die im fin⸗
24 1077 866 1152 ſtern ſchleichet / vor der ſucht die im mittag
21 1138 293 1200 verderbt / etē.
88 1182 871 1265 Ich wil noch zů dem Beſchluß ein gar
24 1247 871 1315 heylſamen raht / wider ſolches Teuffelsge⸗
24 1298 871 1380 ſpenſt / auß dem Heyligen Lehrer Chryſo⸗
26 1365 874 1431 ſtomo anziehen / deſſen wort denn alſo lau⸗
24 1410 1016 1485 ten: Gleich wie euwer keiner barfůß oder In der
24 1468 1044 1543 nackend an den offenen Marckt gehet / alſo 21. Ho⸗
28 1530 856 1600 ſolle auch billich keiner ohne Gottes wor
878 1510 1046 1565 mili / vo
874 1553 1049 1608 der weis⸗
26 1581 1044 1665 dahin gehen: Sonder ſo bald eine die thuͤren ber zierd
501 1641 599 1728 nij
673 1641 878 1719 ſchwellen
