1161 1997
299 126 982 193 t)Von verblendunc der
294 178 1131 249 mit verſprechung gewiſſer huͤlff feilzubietē.
298 236 1132 302 Vnnd wiewol ſie gantz vngeſchickt / vnge⸗
296 291 1129 364 hoblete / vngelehrte leute ſind / geben ſie ſich
294 347 1132 411 doch auß / als ob ſie der Mediein ( auff die
294 404 1131 474 ſie ſich eben verſtchen / wie ein Kuͤw auff d
298 460 1134 524 Sackpfeiffen) gantz wol berichtet ſeyen (die
293 520 1131 587 frommen / ſo ſolches nicht angehet / wil ich
294 579 1127 645 hie außgenomen haben) ſtecken hierdurch
294 629 1136 693 alſo zureden / den Mayen auß / wie ein wein⸗
294 687 1136 748 ſchenck / vñ vertheidigen vnder dieſem deck⸗
294 740 1137 805 mantel jhre betruͤgliche werck. Vorab / die⸗
294 798 1134 868 weil ſie Geiſtlich Perſonen ſind / von welchē
296 862 1136 921 als Lchrern vnd vorbildern der gantzen her⸗
298 910 1136 976 de / einen boͤſen argwohn faſſen / fuͤr eine ſuͤn⸗
296 965 1132 1035 de geacht wirdt . Aber es moͤchte vielleicht
298 1021 1136 1090 ſein / daß dieſe Magi den vorzuginn dieſer
294 1078 1137 1149 kunſt / als ein ererbt gůt jhnen zuerguͤten / da⸗
294 1141 1137 1206 rumb / daß die Egyptiſchen Pieſter / vonn
296 1196 1136 1264 welchen die vralten Philoſophi / als Pytha⸗
299 1248 1134 1318 goras / Empedoeles / Democritus vnd Pla⸗
294 1304 1134 1371 to / die Magiam erlehrnet / durch was Artz⸗
294 1357 1134 1427 ney ein jeder zu der geſundtheit gebracht /
296 1414 1137 1489 auffgeſchrieben / vnd zu Memphis im He⸗
299 1471 1137 1542 pheſtio in des Vulcani vnd Iſidis Tempel
299 1529 1139 1595 gelegt haben / gleich wie denn auch der Gꝛie⸗
299 1585 1139 1670 chen Prieſter vnd vorftender der Magie / jre
902 1644 1129 1735 erfarnuſſer
