1204 1997
599 133 830 201 Vorꝛede.
284 186 994 246 Denn warlich darff ich das verjehen /
329 231 1107 302 Deim bgeren wirt dreiñ gnug beſchehen.
284 279 965 344 Was auch auffs zeubren zhalten ſey
336 326 945 392 So anders gifft nicht iſt darbey /
286 372 924 436 Wie man den bſeßnen helffen ſol /
336 417 1025 484 Was ſtraff auch haben bſchuldet wol
289 464 889 522 d Gifftbreiter / Hexen / Zeuberer
341 510 892 574 Daruon wirſt leſen ſatte lehr.
293 557 902 619 Nun ſage her lieber Weier mein
344 607 1049 660 Was moͤcht doch nun die vrſach ſein.
293 650 905 705 Die dich zů dieſer arbeit bwegt /
343 702 1002 755 Die ſouiel auff dem rugken tregt.
296 735 1139 808 Moͤchſt ſpꝛechen einr gantzē Gemein zů gut /
343 788 957 847 Wer iſt der ſolchs erkennen thůt.
299 833 885 888 Vnd wer ſo dir es auch vergelt
346 877 909 935 In dieſer vndanckbaren welt.
303 923 877 988 Jedoch ſo troͤſt dich deſſen wol /
341 968 899 1035 Daß dein lob ewig weren ſol.
