1166 1997
76 113 874 184 boͤſen Geiſter / Das IIIl. Buch 2o5
26 168 872 244 dingen her / huͤlffe ſuche / denn dem Gerech⸗
26 224 866 309 ten in allen dingen Gott der HERR huͤlff
28 292 231 369 genůg iſt.
78 387 877 455 Mit welchen ſtucken die Zauberpfaffen in
31 432 834 505 der cur der beſeſfenen / die Leute betriegen.
253 499 622 574 Das III. Capitel.
119 569 879 640 V VN vber das / daß dieſe vilgemelte
53 668 104 713 -
149 622 881 698 Zauberpfaffen / den leichtgleubigen
153 682 881 750 gemeinen Mann vberthoͤren vnd be⸗
29 733 879 805 reden / ſie koͤnnen etwas beſonders vnd mehr
29 790 879 865 weder andere Gelehrthen leute / deſſen ſie
33 847 879 926 ſich denn auch offentlichen berhuͤmen doͤrf⸗
36 901 881 980 fen / wiewol ſie kaum das A B E recht koͤn⸗
33 956 881 1036 nen / ſo geben ſie fuͤr / wie ſie durch jre hin vñ
33 1016 884 1086 wider zuſammen geleſenen / Gottsleſterli⸗
34 1073 886 1144 chen exorciſmos vnnd beſchwerungen / den
34 1129 884 1206 Teuffel / ſo ein vrheber vnnd brunnen aller
34 1189 886 1264 lugen iſt / bezwungen / daß er in einem ſpiegel
36 1241 886 1318 oder becken voller waſſer in der geſtalt des o⸗
38 1299 881 1371 der deren / ſo des veruntreuwens ein vrſach /
38 1354 887 1426 erſcheinen / vnnd allen handel / als ein glaub⸗
38 1411 884 1487 wirdiger genůgſamer zeug entdecken můß.
41 1466 889 1542 Zu dem ſo ſchemen ſie ſich auch nicht / die
41 1526 886 1600 verzweiffelten Bůͤbshaͤlß / viel vnd mancher
41 1580 887 1670 ley Gottsleſterungen / mit mancherley ereu⸗
784 1637 881 1722 ten /
