1173 1997
86 99 874 176 boͤſen Geiſter / Das llll. Buch. 2n
28 161 869 234 auch jrer ſchuld vnd verdamnuß noch dar⸗
28 216 869 292 zu andere theilhafftig machen / daß die vr⸗
28 271 869 341 ſach: Daß ſie / ob ſie gleich wol vnderwei⸗
26 327 868 402 len / auß Gottes des Allmechttgen Vatters
29 387 863 459 verhengknuß die warheit ſchon vernichten /
28 442 863 519 doch ſolche zeugnuß geben / deren man ſich
28 500 863 572 dieweil ſie offtermals liegen vnd betriegen /
29 554 861 630 ſicherlich nicht gebrauchen darff. Das iſt
28 612 864 682 nun daher kundtbar / daß je inn dem Geiſt
28 668 863 742 der Warheit kein luge iſt: aber in dem Geißt
28 732 869 800 der Lugen ſind viel warheiten / zu dem end
29 780 869 850 gerichtet / daß er durch die enge luge ſo dar⸗
26 843 864 906 under verdeckt vnd verboꝛgen ligt betriege /
26 891 869 963 wie denn Gerſon de probatione Spiritus
26 946 868 1023 um, das iſt / vonn der bewernus der Geiſter
26 1005 871 1076 ſpricht: Auff ſolche weiß / ſpricht er / hatt
28 1060 869 1134 Chriſtus den beſeſſenen / vnnd der Apoſtel
29 1119 869 1193 Paulus der Pythoniſſa gewehrt / vnnd das
28 1173 868 1239 ſie die warheit nicht bekannten / das maut
24 1228 863 1298 verſtopffet . Deßgleichen ſchreibet auch
26 1286 868 1349 Auguſtinus inn der Sermon von den An⸗
26 1342 869 1416 gurijs: Lieben Bruͤder / ſpricht er: jhr wiſ⸗
28 1396 871 1469 ſet wol / daß ich euch offt fleiſſigklich gebet⸗
26 1454 869 1526 ten hab / daß jhr auch der boͤſen breuchen / ſo
26 1509 869 1574 vnd der Heyden vnd Zaubern im ſchwanck
33 1565 858 1659 aehen / euſſereten / etk. Derohalben ich mich
583 1624 656 1719 o
779 1627 873 1697 vor
