1166 1997
284 126 996 193 A4Von verblendung der
289 174 1131 251 wenn man einen Spruch auß heiliger ge⸗
288 232 1131 309 ſchrifft herfuͤr vnd auff die ban bringet / oder
293 286 1131 356 Gottes Naien anzeucht / vnnd cinfuͤhret /
289 346 1132 419 wider die ordnung vonn Gott der heiligen
293 399 1136 469 Schrifft verzeichnet / vnnd ſeines thew⸗
289 457 1136 530 ren Nammens brauch / es ſeye inn was ſa⸗
291 514 1132 584 chen es jmmer mehr woͤlle / ſie ſeyen gleich
296 570 1132 642 ſchimpfflich oder ernſtlich / oder ſo wir auch
293 630 1132 692 vermeinen / daß etwann ein neuwe krafft /
294 682 1134 755 hierdurch wider etwas kranckheiten entſtan
294 737 1136 813 den / alſo / daß wir vnſers fuͤrnemmens ge⸗
296 795 1137 862 wehret werden . Wie wir denn von dem ge⸗
298 850 1137 925 bein vnſers lieben HERRN Iheſu Chri⸗
296 908 1137 983 ſti / daß er nemlich von den Juden nicht ſol⸗
136 993 288 1063 Txod. 12.
298 961 1134 1036 le gebꝛochen werden / ein herrliche prophecey
139 1043 278 1119 loan. 9.
303 1018 1137 1093 haben: Kein bein ſollent jhr an jhme zerbre⸗
299 1075 1136 1141 chen. Wenn nun einer / zwiſchen der Meß
301 1133 1139 1199 dieſe wort ſpricht / vnd hiermit ſeine zeen an⸗
296 1189 1141 1253 ruͤret / vermeinet man / daß es fuͤr das zan⸗
299 1243 1137 1311 wehe ein treffenliche gůte Artzney ſeye. Ein
301 1303 1142 1372 anderer / ehe daß den Febricierenden / das kalt
141 1357 1134 1439 ſhm. 1, wehe ſchuͤttet / weſchet er mit jhm die hend /
303 1416 1141 1484 vnnd murmelet heimlich dieſen Pſalmen:
308 1469 1139 1546 Ich wil dich erhoͤhen / du mein Gott vnnd
301 1526 1141 1595 Koͤnig. Dder aber erwiſchet den krancken
298 1584 1141 1689 bey der hand / vnd ſpricht: Eoſeye dir dieſes
1014 1645 1137 1735 Feber
