1173 1997
58 113 866 183 boͤſen Geiſter / Das llIl. Buch. 217
28 166 866 241 Feber ſo leicht / wie der Jungkfrawen Ma⸗
26 224 868 296 ria vnſers lieben H E R R ENChꝛſtt ge⸗
26 282 868 352 burt. Daß der Wein das Jar nicht verder⸗
26 337 868 409 bet werde / ſo ſchreibet Aphricanus an das
28 392 866 470 Faß: Verſuchet vnnd ſchet zu / daß der
28 455 413 522 HERRE gůͤt iſt.
108 502 868 582 Etliche / daß ſie das blůt ſtellen / nem⸗
26 560 869 635 men ſie einen Becher mit kaltem waſſer / vñ
26 617 873 690 tropffen darein drey deſſelbigen blůts tro⸗
28 672 869 752 pffen / vnd zwiſchen einem jeden ſprechen ſie
26 730 871 807 ein Vatter vnſer / vnd Aue Maria / als deñ
28 793 868 862 bringen ſie es dem Krancken / vnnd fragen:
33 843 871 915 Wer ſol dir helffen? Darauff er als denn
28 896 873 973 antwortet: Die heilige Jungkfrauw Ma⸗
28 951 873 1023 ria. Daran henckt man denn: Du heilige
33 1008 873 1091 Jungkfrauw Maria / ſtell diß flieſſend blůt.
31 1063 874 1141 Etliche ſchreiben dem krancken / ſo das blůt
31 1121 873 1196 herauß gefloſſen / an die ſtirnen: Conſuma⸗
29 1178 873 1258 tum eſt / das iſt / es iſt alles vollbracht. Es
31 1234 873 1308 werden auch etliche gefunden / welche das
31 1291 698 1377 biůt zu ſtellen / dieſe wort ſprechen:
83 1392 791 1469 Sanguis mane in tua uena, ſeut chriſtus in ſua
131 1457 256 1517 pana:
84 1489 804 1584 banguis mane fiaue, ſieut cbriſtus quando ftit
134 1552 313 1627 erucifzu.
753 1585 878 1685 Das
556 1587 678 1680 o iiij
