1166 1997
71 99 871 166 boͤſen Geiſter / Das llll. Buch. 217
29 153 872 234 rers Glauben helffe viel zu der krafft vnnd
31 211 874 287 wuͤrckung des Zauberers / inn deinen Anti⸗
33 266 872 339 logijs / denn es gehe vonn des zauberers oder
34 322 876 402 zaubererin gemuͤt etwa ein heimliche krafft
33 381 879 460 ab / durch welche auch derlufft verwanderet
34 444 877 505 werde / durch welche curruption vnnd ver⸗
34 492 877 575 gifftung des Luffts ſie jhrer hoffnung ge⸗
33 550 877 622 wehret werden . Wenn nun deine wort /
34 604 876 683 das blůt / ſo auß auffgeſchlagner adern her
36 660 874 742 fleuſt / ſtellen woͤllen / ſo thuͤn ſie es warlich
33 718 876 798 in der krafft allen Magneten vor. Ich het⸗
33 775 879 852 te ſchier geſagt / es were kaum kleinere / rin⸗
36 838 872 903 gere Gottloſe / inn eineranderen gattung.
36 891 879 958 Chryſoſtomus inn der 21. Homilia von der
39 941 882 1015 Weiber zierdt / ſpricht zu allen denen / welche
38 998 881 1081 ſich durch das zaubern verfuͤren laſſen / die⸗
34 1053 877 1131 weil ſie Gottes Nammen darzů hoͤren ge⸗
34 1109 884 1181 braucht werde. Du beſtelleſt dir ſelber nicht
36 1166 884 1244 allein ligaturas / ſondern auch / verzauberun
43 1219 884 1301 gen / ſo du alte / volle / dolle Weiber / mit dir
39 1278 886 1354 heim zu hauß fuͤreſt. Du ſchemeſt dich nicht
38 1341 884 1416 wirſt nicht ſchamrot / vnnd zitterſt nach ſol⸗
39 1389 882 1471 cher feiner diſciplin: vnd das noch ſchwerer
41 1449 881 1521 iſt / denn dieſer jrꝛthumb / Wenn wir euch
41 1512 884 1577 warnen vnd mißrahten / ſo vermeinet jr / jhr
48 1560 886 1659 habend euch wol verſpꝛochen / ſo jr ſaget: Es
632 1630 702 1690 0t
797 1617 889 1704 ſeye
