1166 1998
63 113 877 188 boͤſen Geiſter / Das llIl. Buch. 219
34 164 871 248 zogen / vnd im Namfen des Vatters / Sons /
34 219 876 306 vñ heiligen Geiſts beſchloſſen: nit allein wi⸗
31 283 877 361 der allerley kranckheiten der Pferden / ſonder
36 336 881 419 auch widalle andere jre hindnuſſen / als weñ
38 394 882 479 nemlich / dem Roſßz auff dem weg eineiſen
36 449 881 522 etwan abſiele / vñ man den aller nechſten ſol⸗
39 501 874 582 cher Gebcttlein cines ſpreche / wuͤrde es auff
39 559 884 644 den huͤffen vnuerletzt wid heim gehen / ob es
43 612 877 704 gleich noch ein ſehr weiter weg werc. Aloyſi⸗
41 672 874 749 us Adamuſtus ſchreibet inn ſeiner Schif⸗
46 730 882 812 fart am 32. Capitel alſo: Daß bey denen
48 782 884 867 Voͤlckern / welche die Nigriten genannt / die
48 839 886 922 Pferd dahin mit etwas verſegnen gebracht
46 902 886 979 werden / daß ſie in Kriegsleuffen viel wacke⸗
46 959 886 1030 rer / vnd auch ſicherer / weder aber ſonſt ſeien.
49 1007 889 1092 Nun dem ſeye allem wie jm woͤlle / ſo findet
46 1063 891 1140 man dennoch allwegen vnd allenthalben leu
48 1122 886 1207 te / die ſich dieſer Teuffelkunſt verwundern /
51 1175 891 1262 hoch achten vnd uͤben / vnnd das frey ſicher
51 1232 891 1317 vnd vngeſtrafft / wie ich denn ſolcher ſelber
51 1287 891 1365 etlich bekennen . Nun ſindt es fuͤrwar ſo
53 1341 892 1431 eytele / nichts ſollende ding / daß ſie der Ca⸗
53 1403 894 1478 baliſten phantaſeien verdleichet zu werden
53 1458 894 1533 kaum wirdig ſind / welche denn ſich rhuͤmen
56 1513 896 1596 vnnd außgeben / ſie woͤllen alle ding / ſo ſie
58 1571 899 1671 furnemmen/ verrechten / vnndinn das werck
721 1626 891 1726 bringen
