1152 1997
278 133 362 176 222
466 113 997 181 Von verblendung der
274 163 1123 244 der daſſelbige ſchreib. Sanct Helena. Die⸗
279 224 1123 292 ſen Criſtal nemme ein keuſcher Knab / ſo ehe⸗
279 281 1117 357 lich hererboꝛen / bey zehen jaren vngefchrlich
281 341 1117 411 alt / in die rechte hand / hinder welche du auff
283 399 1120 469 den knien ligend / mit hoͤchſter ehrerbietung
281 449 1123 522 zu dem dritten mal / dieſes Gebettlein ſpre⸗
279 504 1122 580 ehen ſolt: Ich bitte dich o heilige Helena / ei⸗
278 567 1120 629 ne Můͤtter des Koͤnigs Conſtantini / welche
279 617 1120 683 du das Creutz vnſers lieben H E R REN
276 680 1118 743 vnd Heylands Jheſu Chriſti gefundē haſt /
278 735 1122 803 durch die aller heiligſte deuotion vnd erfin⸗
276 785 1120 852 dung des Creutzes / vnnd durch das aller
278 843 1123 920 heiligeſt Creutz / durch die freude / ſo du ent⸗
274 905 1118 976 pfangen / als du das aller heiligeſte Creutz
276 960 1123 1026 gefunden haßt / vnnd durch die innigkliche
273 1011 1120 1078 liebe / welche du gegen deinem Sohn / dem
273 1068 1117 1141 Koͤnige Conſtantino gehabt haſt / vnd durch
269 1128 1120 1191 die hoͤchſten Guͤter / deren du ewigklichen
274 1183 1120 1254 gefreuwet wirſt: Daß du mir zeugeſt inn
273 1244 1117 1306 dieſem Chiſtall / was ich zu wiſſen begere /
271 1294 1118 1367 Amen. Vnd ſo bald der knab den Engel im
271 1356 1117 1419 Chriſtal erſicht / ſo magſt du jhn fragen was
266 1406 1117 1474 du wilt / wirdt dir der Engel darauff mit
269 1462 1112 1537 genůgſamer antwort begegnen . Ich hab /
266 1519 1115 1589 (ſpꝛicht Cardanus) ſolche gedicht vnnd Fa⸗
264 1579 1112 1667 belwerck bißher noch allwegen verlachet /
1015 1640 1112 1705 vnd
