1157 1997
284 113 1018 183 224 Von verblendung der⸗
286 164 1130 242 gar ein kurtzer Segen mit dieſen worten ge⸗
284 219 1130 299 ſprochen: Du heiliger Engel / Du ſchnce⸗
286 279 1128 344 weiſer Engel / durch deine heiligkeit / vnnd
286 346 1128 402 meine keuſchheit / zeige mir den dieben / ſo
283 394 1130 462 mir das mein entragen. Dieſe wort mur⸗
284 447 1127 522 melen vnnd wiſplen ſie oben vber das glaß /
284 510 1130 579 oder Trinckgeſchirꝛ. Jedoch ſo ſpricht jhren
283 572 1130 627 ein jegkliches zuuor mit geboͤgenen knien /
283 622 1130 683 drey Vatter vnſer / vnnd drey Aue Maria /
286 675 1132 745 vnnd verzeichnen auch alle mal das zeichen
286 732 1133 798 des heiligen Creutzes / mit dem Nagel des
283 787 1132 853 daumes vber das glaß. Sie ſtunden al⸗
284 848 1132 910 lein inn der finſtere: Sahen einen gantzen
283 900 1130 965 Menſchen / mit einem mantel bekleidet / der
283 956 1125 1028 hencket das haupt / war gantz kal / ſteig auch
283 1013 1128 1078 inn dem halß des gleſeren Trinckgeſchirrs /
283 1071 1133 1139 vberſich vnnd vnderſich / nicht anderſt / denn
283 1126 1132 1191 wie der ſtaub inn den ſtriemen der Sonnen.
281 1181 1132 1248 Dieſer hat ſich faſt auff einen halben vier⸗
279 1238 1128 1308 theil einer ſtunden ſehen laſſen. In ſumma /
281 1298 1132 1359 es hat dieſes ſpectackel biß inn die dꝛitte ſtun⸗
279 1352 1132 1421 de ſich verzogen / vnnd iſt doch / wie der Red⸗
279 1414 1132 1481 linfůhrer des gantzen handels ſelbſt bekannt
283 1469 1130 1529 vnnd verjehen hatt / weder der dieb ergret⸗
279 1521 1130 1590 ſchet / noch die zween Silbernen Kelch / ſo
281 1577 1130 1662 verloren / wider gefunden worden. Man
1048 1635 1127 1739 wil
