1167 1998
93 106 880 183 boͤſen Geiſter / Das IIII. Buch. 225
33 163 878 233 wil ſagen / weil ſolchē Ceremonien verhan⸗
31 219 876 291 delet werden / ſo lauffe hierzwiſchen / dē recht
35 274 876 342 ſchuldigen die Katz dermaſſen den rucken
31 334 871 407 hinauff / daß jhme das hembdlein zimlich
31 386 873 464 heiß werde. Als er mir nun ſolche ſachen er⸗
30 444 873 512 zehlet / iſt mich eins mals / ob jhme doch inn
26 504 868 571 der warheit alſo ſein moͤchte / zu bewehren /
25 557 870 636 ein luſt ankommen / auch ohn aller gefehrd
30 617 873 684 guter anlaß vorhanden geweſen. Es war et⸗
25 672 871 735 wan ein Weibßbild / welches ſich dazumal
23 724 870 795 bey mir vnter meinem Dache hielt / vnd et⸗
26 784 870 857 was zuſehen eine hertzliche begird hat / beruf⸗
25 842 868 904 fet heimlich zů ſich eine Frawen / welche die⸗
26 900 866 967 ſer kunſt zimlichen guten bericht / vnnd lang
23 952 866 1023 geuͤbte erfahrnis hatte:Ruͤſtet alſo das Opf⸗
25 1005 866 1072 fer vnd den Gottesdienſt zu. Vnd ſahen die
21 1067 865 1135 drey Maͤgdlein / ſo zugegen / viel vnd man⸗
21 1117 865 1193 therkey dinge / wie ſie mir denn ſelbs (dieweil
21 1175 865 1248 ich dazumal nicht anheimiſch) erzehlet ha⸗
25 1230 863 1303 ben. Derhalben fůhr ich zu / beruffet voꝛge⸗
20 1292 865 1350 tiielt Weib / widerumb auff ein newes / vnd
21 1343 865 1420 ward voigeſchribner Spectackel gleicher ge
25 1401 860 1475 ſtalt wie vorgemelt / angerichtet. Jedoch
20 1456 858 1528 wuͤrdet keine oͤlbletter / kein Vatter vnſer /
21 1513 865 1580 noch Aiie Maria darzu gebrauchet / ſon⸗
21 1570 863 1676 dern alcinein kleines Zeltlein / zu welchem
755 1626 863 1701 mat
