1157 1997
278 126 995 193 216 Von verblendung der
281 179 1127 256 man ſich nehern muſt / auffgeſpannet. Das
288 236 1127 307 Weib war perſoͤnlich zugegen / welche denn
283 291 1128 362 nicht allein ſelber etwas / ſo da erſchein / ge⸗
286 349 1128 421 ſach / ſonder auch die Maglein: Sie ſahens
284 404 1132 469 aber nicht in dem hals / ſonder daniden inn
289 459 1132 530 dem glaſern Trinckgeſchirꝛe / nicht in dem
291 515 1130 585 Waſſer / ſonder in dem glaſe / nicht volkom⸗
284 572 1127 649 mene gantze Bilder / ſondern allein halbe /
284 630 1130 698 vnnd alſo zu reden / den theil / ſo ob dem guͤr⸗
284 685 1132 760 tel iſt / auch nicht groß / ſonder wie des klei⸗
286 743 1127 817 nen fingers nagel / welche nicht vnterſich /
284 798 1132 872 ſonder allein vberſich tragend. Solches al⸗
286 857 1128 926 les ſagten die Magdlein / ſo vorhanden /
289 913 1132 981 glaubwirdiglichen / ſampt voꝛgemeltem kna
284 968 1133 1033 ben / welcher denn auch ſeinen Bruder ſo da⸗
288 1021 1133 1100 zumal inn Hiſpania ſich hielte / erſahe / wie
286 1085 1132 1153 denn die Jungfrewlein / andere jhrer ver⸗
288 1138 1132 1199 wandten. Als ſie anfangs der Zaubererin
288 1193 1132 1259 Son ( welcher ein junger Muͤnch war) er⸗
286 1249 1132 1321 ſahen / vnnd ſich ſeines anſchauwens faſt er⸗
288 1306 1130 1376 freuwten vnd beluſtigeten / baten ſie / daß ſie
289 1361 1130 1436 jhn hinfahren lieſſe: Deß hatt ſie ſich / die⸗
284 1421 1130 1492 weil vnnd jhr Son hiezwiſchen gepeiniget
286 1476 1132 1541 wurde / gewideret. Es erzellet auff ein zeit
292 1532 1128 1604 Joſeph Schwartz / ſo deren ding auch wol
286 1587 1128 1675 arfahren / er habe einmal etlichen Knaben /
1008 1655 1128 1717 einen
