1176 1997
71 93 857 166 boͤſen Geiſter / Das IIII. Buch. 22
16 143 857 227 landts Jeſu Chriſti. Als denn nemlich war:
23 198 857 284 Jeſus geht furuͤber / welchs zwar auff viel
13 262 857 341 vnd mancherley weiß verſtanden vnd gedeu
16 309 856 389 tet mag werden: Denn Jeſus geht furůͤber /
18 369 849 454 iſt ſo viel geredt / er ſtirbt / geht durch dē weg /
18 424 859 504 hat ein end:welche außlegung ſich am beſten
16 480 857 562 reimet / dieweil vnd ſie darauff lauffen ließ.
28 535 859 624 Ich bin: vnd bald hernach / Oheiliger En⸗
18 590 857 678 gel / etē. Was darff es aber viel woꝛten / ich
19 650 857 733 habs in der warheit erkundiget vñ erfahren /
18 702 867 788 daß es lauter Fablen ſind / nicht anderſt / deñ
21 760 867 845 als wenn man einem von den roten / hoͤßle⸗
23 818 866 895 nen ſonſt zuuernemmen. Denn (darmit ich
23 875 871 956 auch deſſen nicht geſchweige) als ſie neben
24 931 867 1006 vmb ein waſſer her / etwas blaͤterlein / durch
28 988 874 1073 jre kunſt erwecket hat / wolt ſie mich / es were
28 1038 876 1129 gehawen oder geſtochen / es weren eitel Baͤr⸗
26 1096 876 1183 lein / vberꝛeden. Es mag meines erachtens
31 1149 877 1241 ſein / daß ſie mit jhrem ſtandthafftigen / vn⸗
29 1214 879 1291 wanckelbaren / falſchen wahn vnd aberglau⸗
31 1269 884 1349 ben / die guten / einfeltigen / ringgleubigen
33 1319 884 1404 Knaben hinder das liecht fůhre / alſo daß ſie
34 1376 882 1459 die dinge / ſo aber jnen nie voꝛgeſchzieben / ſich
36 1436 889 1517 ſehen haben / mercklichen fuͤrgeben. Denn
38 1487 889 1575 daß der alſo vnd nicht anderſt ſeye / daher ge⸗
41 1542 891 1642 nugſam das kundbar iſt / daß ich endlich viel
729 1600 894 1687 gemelt⸗
506 1612 599 1690 pii
