1163 1997
309 86 1016 161 230Von verblendung der
308 139 1138 214 gemelte Maͤgdlein dahin gebracht / daß ſie /
306 199 1134 276 ſie haben nichts / nicht ein dinglein geſehen /
304 254 1138 329 bekañt haben / ſo doch jren viel / darmit man
304 319 1136 391 nicht vermeine / das ſie geſchwecht worden
303 366 1138 439 ſeien / als ob ſie etwas geſehen / dergleichen
301 424 1136 499 thun. So viel der worten Cardani. Dar⸗
299 479 1129 557 mit aber in dieſem hadel der Gottsleſterlich
298 535 1131 607 mißbrauch deß theuwren Namen Gottes /
298 592 1134 670 vnd heiliger geſchrifft / deſto heiterer an den
296 647 1133 723 tag komme / wil ich / auß anlaß / etlich Ex⸗
294 703 1134 783 empel / von erkuͤndigung eins diebs / oder vn
296 758 1134 842 holden / ſo ich auß eines Pfaffen / mit vrlaub
294 823 1133 895 vor dem Keß zu reden / heimlich entlehentem
294 878 1136 951 Buch / herauß gezwacket / zum beſchluß die⸗
289 926 1134 1006 ſes Capitels lauffen laſſen. Nun die wort
288 985 1134 1060 lauten auff ſolche weiß: Verfuͤge dich zu ei⸗
288 1040 1133 1118 nem ftieſſenden Waſſer / daraus nimme / ſo
286 1096 1131 1176 viel Stein / als der ſtucken / ſo durch Dieb⸗
288 1153 1131 1231 ſtal entragen / ſein moͤgen / dieſe trage heim
288 1211 1126 1284 zu hauß / vnnd laſſe ſie im fewer erhitzigen /
286 1271 1131 1346 als denn vergrabe ſie vnter der thuͤrē ſchwel⸗
286 1328 1129 1397 len / vber welche denn die Leute auß vnnd ein
286 1379 1129 1452 zu wandelen pflegen / laſſe ſie auch daſelbſt
286 1434 1118 1514 biß auff den dritten tag ligen bleiben. Auff
286 1489 1126 1564 ſolches / ſo bald vnnd die drey tag furůͤber /
274 1582 389 1685 i**
969 1615 1119 1715 deauch
