1176 1997
91 79 876 164 boͤſen Geiſter / Das IIIl. Buch. 22
34 133 874 224 de auch ein Schůſſcl voller waſſers in einē
34 193 871 274 eirckel vber zwergs geſchrencket / mit einem
34 247 869 331 Creutz verzeichnet / geſetzt / darauff denn ge⸗
38 302 856 389 ſchrieben ſey: Chriſtus vberwindet / Chriſt
31 362 871 447 regieret / Chriſtus herꝛſchet. Vber das alles /
38 414 877 504 ſoll auch die Schůſſel / erſt ermelt / mit einem
36 472 876 554 Creutz verzeichnet / vnd ein ſonderbare con⸗
36 525 872 612 iuration oder ſegen / durch CHriſti leiden /
38 585 877 668 tod vnnd aufferſtehung (deren ich von etli⸗
39 639 879 730 cher Leuten / ſo mehr weder jrer Seelen heyl
41 695 884 787 zu erfahren begeren / auff dieſes mal geſchwei
46 755 881 840 gen) daruͤber geſprochen werden. Vnd nach
44 810 882 891 dem ſolches verbracht / werffe man ein ſtein⸗
44 863 884 951 lein nach dem andern / je eines / inn eines de⸗
46 918 884 1005 ren / ſo des diebſtals verdacht ſind / nammen /
48 971 887 1065 in das Waſſer: So denn des rechtſchuldi⸗
51 1040 887 1121 gen ſteinleiu vorhanden ſein / vnnd in das
51 1088 891 1173 waſſer fallen wird / als denn wirdt ſich nicht
53 1149 894 1226 anderſt / denn wie eines gluͤenden eyſens in ei
53 1196 894 1291 nē kalten waſſer / ſauſſen / hoͤren laſſen. Aber
54 1258 896 1337 dem Teuffel iſt es fuͤrwar / darmit er eine vn
56 1309 902 1401 ſchuͤldige Perſon / verargwoͤhne / vund mit
63 1366 904 1456 haß beſchwere / ſolchs ſieden vnd ſauſſen ei⸗
59 1424 902 1514 nes ſteinleins in dem waſſer / gar eine ringe
58 1479 894 1574 kunſt / auch ſchlechte muͤhe vnd arbeit. Ei⸗
64 1536 901 1645 nemDieb aber / ſo etwas heimlichen geſtoli /
814 1590 906 1667 vnd
589 1600 697 1685 p iii
