1156 1997
286 116 354 176 232
459 106 991 176 Von verblendung der
279 154 1124 234 pnd entragen / mag man der geſtalt hinder
279 208 1121 291 das leder komen. Zu dem aller erſten leſe ma
283 266 1122 341 ſjeben Pſalmen / ſampt der Litaney: Dar⸗
279 321 1121 404 auff eruolget ein erſchroͤckenlich Gebett / zu
279 376 1121 460 Gott dem Allmechtigen Vatter / vnd dem
278 434 1122 517 HEren Chriſto / deßgleichen ein beſchwe⸗
274 492 1124 577 rung / vben den armen Teuffelskoͤpffen den
274 545 1117 625 Dieben. Als denn wirdt ein dreyeckender
274 602 1119 685 ehrener Nagel / mit etwas ſonderbaren wor⸗
271 660 1114 743 ten verſegnet / in einem Circkel / ſo einē aug
271 715 1116 802 nicht vngleich / gehefftet / mit einem Cypreſ⸗
269 775 1116 848 ſenen nagel darein geſchlagen / vnnd hiemit
106 830 1116 920 Oſal. 179 mnit worten geſprochen: HE RR du biſt ge⸗
269 887 1114 966 recht / vnd gerecht ſind alle deine vrtheil. So
266 938 1109 1028 bald nun ſolchs beſchehen / wirdt ſich d dieb /
264 996 974 1080 durch ſein eigen geſchrey verrhaten“
326 1055 1109 1136 Biſtu willens einen Dieb / Hexen / oder
261 1108 1111 1194 ſonſt einen andern dir auffſetzigen Feind zu⸗
259 1168 1107 1248 uerletzen / vnd dir ſelber vor ſchaden / ſo er dir
259 1228 1106 1304 zufuͤgen moͤchte / zu ſein / ſo thue eins / hawe
258 1281 1104 1364 ab ein junges Haſelnuͤſſens ſchoß / an einem
259 1336 1102 1419 Sambſtag vor der Sonnen auffgang / vnd
256 1389 1101 1474 ſprich higmit: Ich hawe dich ab du heuriger
254 1451 1101 1524 Aſt / in deſſen nammen / welchen ich zu hau⸗
253 1507 1101 1589 wen oder ſtuͤmplen / vorhabens bin. Auff ſol
258 1562 1099 1662 hesſoll ein decke / auffeinen Tiſch geſpreit⸗
931 1630 1096 1719 tet / vnd
