1165 1997
108 99 890 173 boͤſen Geiſter / Das IIII. Buch. 237
48 154 885 224 betreffen / troͤſten / vnnd daran wider auff⸗
48 216 885 287 richten moͤgen / etē. wie denn Peucerus in
48 267 887 336 ſeinem Buch / ſo von dem Warſagen inn
48 324 1043 409 den Truck verfertiget / weitleufftiger dar .Tim.
48 381 885 449 uon ſchreibet. Es ſchreibet auch der außer⸗
46 434 882 509 welte Werckzeug des HE RRN Chriſti /
46 494 887 565 der Apoſtel Paulus vonn dem rechten / na⸗
44 545 883 624 tuͤrlichen / ordenlichen brauche der Schꝛfft /
46 604 887 678 auff ſolche weiß: Demn alle Schrifft von
48 662 883 737 Gott eingegeben / iſt / nutz zu der Lehr / zu der
48 718 888 795 ſtraff / zu der beſſerung / zu der zůͤchtigung in
46 778 888 852 der Gerechtigkeit / daß ein Menſch Gottes
48 832 890 905 ſey ohne gebreſten / zu allen guten wercken
49 883 1051 965 geſchickt. Item / an die Roͤmer: Das Euan Rom.
49 943 890 1015 geliſtm iſt ein krafft Gottes / zu dem heyl ei⸗
46 996 890 1075 nem jeden Gleubigen. Zu dieſem end vnd
48 1063 892 1133 zweck nemlich / zu ernewerung vnd eingen⸗
48 1113 895 1178 gzung oder widerbringung der in grund ver⸗
48 1166 895 1233 derbten Natur des Menſchen / iſt Gottes
53 1221 897 1293 Wort gegeben woꝛden. Welchs end es denn
49 1279 902 1356 auch warlich erꝛeichet / wo es anderſt mit
51 1336 900 1406 glauben wirdt erfaſſet / durch mit vnnd bey
49 1392 900 1461 wirckung des heiligen Geiftes / der durch dz
51 1446 907 1526 wort krefftig iſt: Darneben aber / nicht wie
51 1501 907 1580 der Teuffel faͤlſchlich fuͤrgibt / von ſeinen
53 1557 908 1660 verruchten Gottloſen Dienern vnd werck⸗
797 1615 898 1710 jcug
