1159 1997
289 99 1012 168 α40 Von verblendung der
296 158 950 222 Wer ſhre nammen bey ſich treit /
293 214 1135 289 Dem thut der falleiid ſiechtag nicht zleidt.
356 274 1135 344 Alſo haben auch die Alten gegleubet / vnd
293 329 1137 402 fuͤr ein gewiſſe artzney gehalten / wenn ein
291 386 1134 457 nuͤchtere Jungfraw / einem / der auch nöch
291 442 1137 509 nuͤchter ſeye / vnd an dem ruͤcken liege / Ei⸗
293 500 1132 567 ſenkraut mit ſampt ſeiter wurtzē zerſtoſſen /
288 555 1132 620 mit Wein beſprenget / in ein blat verwicklet /
288 610 1130 678 in der aſchen erwarmet / mit der hand auff⸗
286 667 1135 732 lege / vnnd hiemit zu dem dritten mal dieſe
286 723 1134 797 wort: Es ſagt Apollo / kein ſchad / ſo ein na⸗
286 778 1129 848 ckende Jungfraw loͤſchet / moͤge wachſſei /
286 838 1124 908 daruͤber ſpreche / vnd darauff drey mal auff
284 893 1130 961 die Erden außſpewe / vertreibe es alſo bald
283 950 1134 1016 den kropff. Es erzellet Beniuem? in ſeinem
284 1006 1132 1070 Buch von den heimlichen vnd verborgenen
283 1063 1132 1128 vrſachen / der Kranckheiten / an dem ꝛ6. Ca⸗
281 1119 1130 1184 pitel / wie auff ein zeit ein Zauberer geweſen
281 1174 1127 1249 ſey / welchereinem Kriegßknecht / zween fin⸗
283 1231 1127 1303 ger auff die wunden gelegt / etliche Segen
278 1286 1122 1354 daruͤber geſpꝛochen / vnd hiemit einen pfeil /
279 1344 1122 1417 ſo jhm in das rechte theil der Bruſt verſetzet /
276 1407 1122 1469 vnd in das bein der lincken ſchultern / geheff⸗
274 1469 1122 1524 tet / widerumb heraus gehen / geheiſſe n habe.
273 1517 1124 1584 Darauff er denn ſein vrtheil fellend / alſo
273 1579 1122 1662 ſchreibt: Ob gleich der Kraucke one ſondern
925 1629 1117 1709 nach theil
