1204 1997
398 133 930 198 Von verblendung der
284 188 1120 251 Es iſt der Teuffel allen jamer zůſtifften /
283 241 1127 316 vnd alles boͤſes zůuerbringen fuͤr ſich gewal⸗
281 299 1125 371 tig gnůg / auch gantz geneigts willens / ſo ferꝛ
283 356 1122 421 jm der zaum von Gott gelaſſen werde / auff
281 416 1125 477 welchē / es ſey im lieb oder leidt / er ein fleiſſigs
284 464 1132 542 auffſehen haben muͤß. Alſo hat der Teuffel
288 527 1127 594 Nabuchodonoſorem den Koͤnig Babylon /
284 579 1127 650 in ein ſolch vnſinnigkeit gewoꝛffen / daß er 7.
289 649 1132 705 gantzer jar in den einoͤdenen / weit von ande⸗
283 697 1130 762 rer Leuten gemeinſchafft vnd beywohnung
286 748 1132 818 ſich gehalten / wie die rind des gras vnd hews
289 803 1130 868 gelebt hat. Darzů ſeines leibs geſtallt ge⸗
288 868 1130 931 ſchendt vñ verwuͤſtet / alſo daß ſein haar wie
284 915 1132 986 der Adlern / ſeine negel wie der Voͤglen her⸗
284 968 1132 1045 wachſend / vnd welches das groͤſt / ſein gemuͤt
286 1026 1132 1091 gantz vnnd gar verruckt was. Der beſeſſen
283 1083 1129 1149 menſch in der landſchafft der Gardarenern /
284 1144 1130 1209 ward ein lange zeit von dem boͤſen Geiſt ges⸗
284 1201 1132 1261 peinigt / welcher / ſo er auß den todtengrebern
283 1253 1132 1324 als ſeiner behauſung / ſich herauß ließ / na⸗
283 1306 1132 1372 ckend vnd gantz grim / dermaſſen wuͤtet vnd
284 1364 1135 1437 tobet / daß niemand ſicherlich / denſelbigen
284 1416 1132 1486 weg brauchen doͤrfft. Dann ihn niemandts
283 1481 1132 1547 mit kettenen binden dorfft / dieweil ſo bald
284 1527 1130 1597 ſolches verſůcht ward / der boͤſe Geiſt ſie zů
284 1585 1132 1665 kleinen ſtucken reiß vnnd den arbeitſeligen
930 1649 1132 1737 menſchen
