1178 1998
76 113 881 173 boͤſen Geiſter / Das lIll. Buch. 24.
36 164 876 241 nachtheil vnd verletzung iſt geheilt worden /
39 223 881 296 ſo iſt es doch nicht ohn jhrer beyder Seelen
43 279 879 354 groſſen ſchaden abgegangen. Es iſt fuͤrwar
39 336 883 404 dem Teuffel ein geringe kunſt / vnnd kleine
36 391 883 466 arbeit geweſt / den pfeil / weil der Zaubrer ſei⸗
34 451 881 512 ne wort murmelt / herauß zuziehen / damit
36 504 883 569 vnd er durch ſolche ſeine betrogne werck / die
39 559 881 634 ſo zugegen / vnd ſolchs ſehen / deſter gewalti⸗
39 616 879 689 ger in ſeine ſtrick bringen moͤchte. Zu dem /
36 672 883 744 ſo iſt es auch das blůt zu ſtellen bey jhren vie⸗
34 737 878 797 len in gemeinem brauch. lnnomine patris,
38 785 886 849 S fili. S Spiritus ſancti, Chunrat cara
38 844 886 910 ſarite confirma confana imaholite. Dar⸗
39 902 886 970 zů ich denn billich ſprechen moͤchte / was hat
36 952 886 1025 das Liecht mit der Finſternus / vnd Chꝛiſtus
38 1010 888 1087 mit Belial zuſchaffen? Hieher gehoͤrt nun
39 1065 886 1135 auch / dz wir bey dē Homero leſen / wie nem⸗
39 1133 884 1193 lich dem verwundetē Vlyſſi / alleinig durch
38 1183 889 1250 ein Segen das blůt geſtellet ſeye worden. Al⸗
41 1235 891 1310 ſo auch hat gleicher geſtalt dem Theophra⸗
43 1292 891 1368 ſto etwan ein Segen die huͤfft / vnd dem Ca⸗
39 1346 889 1423 toni ſeine verꝛenckten glieder geheilet. Weñ
41 1405 888 1478 jren zween / ſo beyde veruntreuwet / einander
48 1460 888 1531 Spinnen feind ſind / ſolle auff ein Oſtien /
43 1516 893 1591 zu der Meß verodnet / dieſe wort: Abrae
46 1571 893 1665 on / geſchrieben / vund einem jeden
733 1643 893 1706 daruon
