1159 1997
289 119 989 186 242 Von verblendung der
291 178 1125 247 daruon zu eſſen angebotten werden / hierauff
289 234 1132 299 denn eruolgen wirdt / daß ſie einander nun
289 287 1130 356 hinfuͤro jmmerdar vonn hertzen lieben wer⸗
288 342 1132 414 den. So einen ein tauber Hund gebiſſen het⸗
288 399 1129 474 te / ſo ſchreibet man als bald auff ein Brot /
294 460 1132 534 Irioni khiriorieſſera Kuder fere / vnnd jſſet
286 512 1129 589 es. Ich hab einen vom Adel gekennet / ſo
286 574 1132 642 nicht eines geringen ſtands / welcher vonn
286 625 1129 700 gleicher Artzney wegen verrhuͤmet iſt / dieſer
116 680 1127 760 Ts iſt ſchreibet auff ein Apffelſchnitzlein: Hax /
114 740 1130 808 kein teuf pax / max / Deus Adimax / vnnd gibt ſolches
113 795 1130 865 felin der dem / der von cinem wuͤtenden Hund gebiſ⸗
111 842 266 898 Gell / de
286 852 1130 928 ſen worden iſt. Ich vernimb auch / er nem⸗
109 883 203 940 alſo
278 906 1132 980 me von einem jeden einen halben Braban⸗
114 926 243 1008 beiffe.
283 963 1129 1030 tiſchen Stuͤber / auß welchem nach vnnd
279 1020 1129 1085 nach geſamleten Gelt er ein Cappeln neben
281 1076 1127 1144 ſeinem Schloß gebauwen / vnd dahin es zu
279 1136 1125 1198 verehren / etliche / welche mit der belohnung
276 1191 1129 1256 dieſer Gottloſen kunſt erlediget / geſendet
276 1244 1127 1321 habe / wie man ſagt. Damit vnnd aber die⸗
274 1299 1122 1377 ſes Myſterium vñ geheimnuß deſter mehr
273 1357 1122 1427 anſehens habe / ſo wirdt der ringglaubige
274 1414 1122 1482 Poͤfel von jhme beredt / dieſe kunſt werde der
271 1469 1122 1537 erſtgeboren / oder doch elteſt vnder ſeinen
273 1526 1120 1594 Soͤhnen / ſonſt kein anderer / nach ſeinem ab⸗
273 1584 1115 1664 gng von jhme ererben. Gleicher gattung
914 1642 1115 1737 Monſtta
