1178 1998
58 133 866 206 hoͤſen Geiſter / Das llll. Buch. 247
26 194 866 266 Monſtra / Teuffeliſcher worten brauchen
26 249 866 324 ſie auch wider das Zanwehe: Galbes / gai⸗
28 313 866 382 des / galdat. Zu dem wirdt auch diß ſpoͤtt⸗
26 366 616 436 lich ſeriptum daran gehencket.
29 432 868 506 strigies, ſalcesc dentate, dentium dolorem perſanate:
361 486 559 547 Das iſti
39 529 733 612 Ir Strigel / Sichlen hand vil zeen:
28 604 736 670 Macht mir das zanwehe hin zugeen.
86 661 868 724 Es ſoll auch etwan einer ſein / welcher
26 709 868 782 aller gattung kalt wehe / auff ſolche weiß
29 765 869 837 heylet. Zwo Gerten legt er ſtracks neben
24 824 873 887 einander / welche er / durch etlicher worten
24 877 869 942 krafft / ſo er darůͤber ſpricht / ſie inn der mitte
26 935 869 1002 zuſammen beuget / vnnd ſo bald ſie einander
28 994 873 1053 anruͤren / mit den zeichen des Creutzes bin⸗
28 1055 873 1110 det / vnnd dem krancken an den hals bindet.
33 1103 873 1170 Vnd alſo hilfft er wol jren vielen / welche a⸗
29 1162 873 1223 ber mehrtheils nachgehender zeit / viel ge⸗
28 1215 873 1288 fehrlicher widerumher ſchlagen. Die Tuͤr⸗
26 1277 876 1341 cken brauch auch wider das Feber ein ſon⸗
26 1330 871 1401 derbare phantaſey: Heben ein rundes holtz
28 1383 873 1448 vornen an die bruſt / ſchlagen mit einem an⸗
29 1443 876 1511 deren / dieſem gleich / darauff / hierneben et⸗
29 1495 876 1565 was worten / ich weiß nicht was / brummlen
31 1551 878 1625 vnd murmlen. Es haben auch etliche aber⸗
34 1606 879 1704 aubigen Moͤnchjr heyl / dem Feber entge⸗
631 1668 708 1744 ij
783 1668 864 1756 gei
