1164 1996
294 119 1010 184 244 Von verblendung der
299 172 1140 249 gen zugehen verſuchet. Dieſe hangten dem
298 231 1139 301 patienten / etwas zedeleins an den hals / vnd
298 284 1140 362 hieſſen jhn / wenn jhn das wehe ſchuͤtte / ſolt
293 342 1137 415 er etliche Gebettlin / ſo ſie jhm vorſchrieben /
293 399 1137 472 ſprechen / vnnd nach dem ſolches beſchehen /
291 455 1137 522 eine gůte hoffnung faſſen . Wer iſt doch ſo
291 512 1137 583 blind / daß er dieſen betrugnicht vermercketē
298 567 1137 645 Inn den erſten / giltet am aller meiſten das
289 627 1130 696 vertrauwen / ſo iſt es auch nicht breuchlich /
289 685 1137 753 daß man gerad anfangs vmb raht frage.
288 740 1137 805 Dannethin inn den morbis acutis / ſo die
286 793 1132 868 Kranckheit veraltet / iſt nicht moͤglich / daß
288 851 1139 928 ſie nicht nach ſo manchem paroxyſmo ver⸗
286 908 1135 973 endert werde / vnd nachlaſſe. Wenn aber je /
283 964 1135 1027 durch Gottes / oder eines andern Geiſtes
281 1019 1132 1087 wuͤrckung von des geſchriebenen vnnd an⸗
286 1074 1135 1146 gehenckten zedeleins wegen / die geſundtheit
281 1129 1132 1197 widerfahret / was iſt denn die vrſach / daß ſol⸗
279 1187 1134 1254 ches nicht eins wegs beſchicht? Etliche ſchꝛei
278 1244 1129 1310 ben dieſe wort: Gibel / Got / Gabet / auff ein
278 1300 1132 1370 zedelein / legens einem jungen Hůn od Vo⸗
279 1357 1129 1432 gel in den ſchnabel / als denn nemmen ſie ei⸗
274 1412 1130 1488 nen ſpitzigen / ſcharpffen grieffel / ſchlagen
276 1472 1127 1545 jhme den ſelbigen durch das haupt / gerad in
273 1528 1127 1593 der mitte: Soſpringt der Vogel auff / vnd
271 1583 1122 1663 lebt / vorab im Sommer. Aber die vrſach
985 1643 1119 1718 ſtecket
