1184 1997
71 106 880 176 boͤſen Geiſter / Das llll. Buch. 245
43 156 884 237 ſtecket darhinder / daß des Vogels kopff vnd
41 216 884 287 hirne / durch ein bein von einander in zween
39 272 880 341 theil getheilt / durch welches deñ der griffel /
39 326 880 399 alſo / dz dem hirne nichts geſchicht / dindurch
41 387 885 460 trin get. Nun meinet aber je das gemein poͤ⸗
44 439 887 520 feluolck / ſo deren dingen vnwiſſend iſt / es ha
39 494 887 574 ben die wort ſolche groſſe / ſtarcke krafft vnd
41 549 887 622 wuͤrckung an jnen. Welches doch nicht iſt.
44 612 887 685 Denn wenn von worten / eine ſolche krafft
44 664 890 738 her keme / was iſt deñ darfuͤr / weñ man einen
44 717 890 802 pfriemen oder griffel einem Gitze / Men⸗
44 773 884 858 ſchen oder Hunde durch den kopff ſchluͤge /
44 830 890 910 daß es nicht gleicher geſtalt ohne ſchaden vñ
46 890 887 968 nachtheil abgtenge? Hieher gehoͤrt nun auch
46 946 889 1016 das boͤßlein Conſtantini / ſo man im Fiſch⸗
49 998 1059 1086 fang gebrauchet / Jad Sabaoth. Derhalbē Im ſech
56 1050 1042 1134 Galenus / wiewol er ein Heyd geweſen iſt,/ ſtē buch
48 1113 884 1194 billich den Chartachirum vnnd Bamachiů
895 1093 1049 1151 de ſim-
900 1136 1029 1226 plicib.
53 1176 894 1249 verſpottet vnd verlachet hat: vnd jhnen den
53 1224 899 1301 Diaſcoridem weit fuͤrgeſetzet / welcher die
53 1281 899 1364 Mediein nicht mit verſegnungen vnd aber⸗
56 1336 904 1421 glaubiſchen worten / wie aber dieſe / angege⸗
54 1394 900 1466 ben hat. Er ſchreibet auch hieruon / im i0.
59 1449 905 1522 Bůch: Das / ſo einem krancken angehenckt
58 1507 904 1587 werden ſol / můß eine ware / weſenliche ſub⸗
63 1562 907 1655 ſtantz / vndnicht wie die Zauberer vermeinē
597 1622 692 1704 g iij
814 1620 909 1690 vnd
