1164 1996
273 103 363 161 248
449 99 980 164 Von verblendung der
276 151 1124 221 ſtimm noch der worten etwas wirdt bedoͤrf⸗
276 209 1120 284 fen. So ſie denn / offtermelte krafft inn der
276 269 1125 340 ſtimm / nicht allein im thon ſtecket / wirdt ſie
274 326 1122 399 abermals / nicht allein des Menſchen eigen /
276 377 1125 454 ſondern auch andern vnuernuͤnfftigen thie⸗
273 435 1127 508 ren gemein ſein. Wenn du aber ſagen wol⸗
273 487 1125 562 teſt / ſie ſteckete allein inn den Menſchlichen
273 550 1127 623 worten / ſo ſag mir her / ob ſolches inn der er⸗
273 600 1125 678 ſten mittelſten / oder letſten Syllaba geſche⸗
274 657 1125 738 he. Geſchichts in einer Syllaba / ſo gſchichts
273 720 1125 786 nicht in worten. Nun iſt aber ein Syllaba
271 768 1120 848 bald fuͤruͤber. Daher denn gentzlich eruolgt /
273 823 1124 911 daß dieſe Himliſche krafft inn worten nicht
273 881 494 953 ſein moͤge.
346 963 1122 1037 Von der Cur vnnd heilung der Zauberer /
273 1011 1124 1081 welche durch ligaturen / vnd periapta / das iſt /
271 1059 1125 1132 ſolche ding / ſo Aberglaubiſcher weiſe ange⸗
271 1112 1122 1179 bunden vnd angehenckt werden / als deñ ſind
271 1152 1124 1227 etliche Cheracter / vnnd wunderbarliche zei⸗
271 1199 1117 1279 chen / Bilder / Ring / Sigill / etc. zugehet / vnd
273 1247 589 1309 verbracht wirdt.
507 1324 905 1393 Das VIII. Capitel.
336 1382 1120 1460 VS moͤgen auch hieher kommlich ge⸗
391 1440 1120 1520 zelet vnnd geſetzet werden / die Magi⸗
384 1495 1120 1570 ſchen ligaturen / vnnd periapta / deren
271 1548 1117 1648 vielvnd mancherley ſind / in ſonderheit aber
959 1625 1115 1693 werder
