1160 1997
284 119 993 189 250 Von verblendung der
286 166 1113 247 getruckt / oder in was geſtalt es ſonſt jmme
282 224 960 301 ſein kan vnd mag / gebraucht wirdt.
342 279 1110 351 Dieſes confirmieret vnnd bezeuget auch
279 339 1111 414 Chryſoßomus: Etliche Priefter / ſpꝛcht er /
277 396 1115 464 habens inn dem brauch / daß ſie etwann ein
276 447 1110 529 ſtuͤcklein auß dem heiligen Euangelio auß
276 504 1110 580 geklaubet / vñ geſchrieben / vmb den hals her /
274 562 1108 639 bey jnen getragen haben. Aber ſage mir doch
272 619 1115 692 an / du thoꝛechter Pieſter / liſet vñ hoͤꝛet man
271 673 1113 750 nicht teglich in der Kirchen dz Euangeliů“
274 730 1115 800 Welchem nun die Euangelia in den ohren
267 787 1115 862 nichts nuͤtz ſind / was woͤllen ſie jm deñ kalts
266 845 1113 916 ob warms geben / ſo ſie vmb den hals gebun⸗
269 903 1115 971 gen werden? Zu dem / Lieber meiner / warum
269 956 1113 1031 ſtehet doch die krafft des Euangelif in den fi⸗
267 1010 1111 1091 guren vnd bildnuſſen der Bůchſtaben / oder
267 1068 1115 1143 aber in dem ſinn vnd verſtandt? Stehet ſie
264 1124 1111 1199 in den Figuren / ſo thůſt du jhm wol vnnd
262 1179 1111 1258 recht / daß du es an den hals henckeſt: Wo
266 1239 1108 1309 aber im verſtand / ſo nuͤtzet es dich jhe mehr /
262 1301 1111 1364 inn das hertz gelegt / denn an den hals gehen⸗
262 1349 1115 1424 chet. Gleicher meinung iſt es / wenn ei⸗
264 1407 1111 1476 nem / der inn ein ſchwere kranckheit gefallen
266 1462 1111 1532 iſt / etliche rahten / daß jhme mit etwas ver⸗
262 1519 1108 1587 ſegnungen / oder ſtucken / ſo an den hals zu⸗
267 1577 1106 1667 hencken / oder andern dergleichen geſchmeiß
966 1640 1105 1719 ju hel⸗
