1211 1997
164 119 847 191 boͤſen Geiſter / Das III. Bůch.
856 134 906 186 7
71 174 916 254 menſchen inn der wuͤſte hin vnd wider treib.
71 234 914 304 Er ſchrey aber mit lauter ſtimm / was haben
69 287 914 366 wir mit dir zůſchaffen / JEſu du Son Got⸗
74 344 914 416 tes / Biſtu dann hieher kommen vnns zůpei⸗
69 401 916 472 nigen vor der zeit? Es baten aber jn die Teu⸗
71 455 916 535 fel / daß er inen nicht in den abgrundt zůfaren
71 512 914 592 gebuͤtte / ſonder in ein herd ſchweinen ſo da⸗
71 572 917 650 ſelbſt weidet / zůwandern vergunte. Als jnen
69 630 907 705 nun ſolches vom Herꝛn Chriſto zůgelaſſen /
69 682 912 763 ſind ſie in die herd gefaren / ſie hiemit in das
69 735 909 813 Meer geſtuͤrtz vnd erſeuffet. Da geſehē wir /
69 792 914 867 daß auch bey 2000. ſchweinen vom Teuffel
71 850 912 921 eragitirt / jhrem eignen verderben entgegen
71 905 912 976 lauffen. Wirt nit auch der / welcher von ei⸗
71 968 912 1036 nem boͤſen Geiſt / den aber Chriſtus von ihm
74 1018 909 1093 getrieben / vnd das ohn allen ſeinen nachteil /
73 1073 914 1156 zerꝛiſſen / vnd mitten vnter die Leut geworf⸗
74 1131 917 1208 fen ward / vnder die veruntreuwten gezellt
73 1186 914 1264 werden? Es gehoͤrt auch hieher der Mon⸗
74 1239 914 1326 ſuͤchtig / welcher vonn kindtsweſen auff ei⸗
73 1303 919 1377 nen ſtummen geiſt bey jhm hatt / vonn wel⸗
76 1352 914 1436 chem ſo er getrieben / ward er zerriſſen / alſo
74 1417 919 1491 daß er ſchaumt vnnd die zeen inn einandern
74 1472 919 1551 wetzet / offt auch / damitt er gar zů grundt
78 1522 916 1604 gienge / in das feur vnnd waſſer geworffen /
79 1582 921 1670 hat auch von des Herrn Jůngern / von we⸗
538 1640 661 1719 a iiij
844 1634 931 1709 gen
