1173 1998
103 79 898 154 boͤſen Geiſter / Das lIll. Buch. 251
56 131 898 218 zu helffen ſeye: Er aber / es ſeye ja die be⸗
59 189 894 271 ſchwerd wie ſie jmmer woͤlle / vonn Gottes
56 246 898 329 forcht wegen / mit ſtandthafftigem gemuͤt
56 304 899 381 ſie duldet / vnnd tauſent malen lieber wil mit
56 359 899 441 ſtarckem dapfferm hertzen / was jhme Gott
54 419 899 487 jmmer aufflegt / leyden / wed nach etwas vor
58 471 901 551 gemelter dingen trachten vñ ſtellen. So ma
56 524 899 609 chet jhn dieſes ſein vorhaben / als viel als ein
54 581 898 664 rechtgeſchaffnen / waren Martyrer. Auff di
56 637 896 720 ſe weiß lehꝛet auch Athanaſius / dz ſich die boͤ
56 694 896 775 ſen Geiſter / in ſondheit ob den woꝛten des 63.
59 747 898 832 Pſalmens ſtreuſſen vnnd entſetzen / wenn ſie
56 810 898 879 anderſt von jemands mit andacht vnnd von
58 862 899 944 hertzen bette. Gott d Herꝛ ftůnde auff / vñ ſei
58 919 898 1000 ne feind werdē zerſtrewet / es fliehen von ſei⸗
58 974 898 1057 nem angeſicht alle die jhn haſſen. Wie ein
58 1035 901 1108 fauch vertrieben wirdt / gleicher geſtalt wirſt
58 1088 898 1165 du ſie zerſtrewen / vnd gleich wie ein Wachs
58 1145 901 1227 vonn dem feuwer zerſchmiltzet / alſo werden
61 1200 901 1282 verderben / vor dem angeſicht Gottes alle
63 1255 904 1340 Gottloſen / etk. Gelten nun dieſe erſtge⸗
61 1313 906 1393 melten / auß der heiligen Schrifft entwehrt
61 1373 904 1450 vnnd herauß geklaubten ligaturen vnnd pe⸗
63 1421 906 1508 riapten / wie jetzunder ſchon genůgſam dar⸗
64 1485 906 1565 gethan / nicht einem einigen Pfifferling / wie
64 1538 909 1648 einder werden denn erßt kiecken / vund
828 1591 904 1678 dir
