1173 1998
104 119 886 186 boͤſen Geiſter / Das llll. Buch 252
53 174 889 243 ſo wirdt auch nicht der materi / ſo durch jhre
51 228 891 306 gebuͤrlichen qualitates prepariert vnd zůge⸗
48 286 893 352 butzet / jhre weſentliche form mitgetheilet:
54 342 879 411 Sondern / es wirdt / (das doch vnmuͤglich)
49 397 891 469 einem coꝛpori oder leib / welcher ſchon jetzun⸗
49 454 891 527 der aller dingen außgemacht / vollendet / vnd
49 511 888 577 auß ſeiner materi vñ form zuſamen gefuͤgt /
51 566 888 639 gſetzet iſt / ein neuwe ſpecies od geſtalt / durch
49 624 896 697 ſolche Zauberkunſt angezogen / darzů aber
51 682 893 744 weder die Geſtirn des Himmels / noch die
51 735 893 802 qualitates / ſo der zeit im Lufft etwas helf⸗
53 790 893 862 fen. Vnnd darmitich ein mal ſage / was
51 854 894 915 darauff vnnd daran / auch wie es mir vmb
54 904 896 979 das hertz iſt / ich halte alledieſe verwande⸗
51 964 893 1027 lung / natuͤrlicher geſtalten / fuͤr ein lautere /
54 1020 889 1088 ſtinckende / batzechtige lugen / ob mir gleich
53 1073 898 1150 jemands hiewider Thebit den Philoſophů
54 1132 899 1195 vnnd vorſtendner des Zauberwercks vbex
51 1188 896 1260 die hautrichten wolte / welcher denn geleh⸗
49 1242 899 1310 ret hatt / wie man Fingerring zůrichten ſol⸗
51 1298 898 1366 le / durch welche das gemuͤt des Menſchen
51 1355 901 1421 erfreuwet / die Feind / boͤſe Geiſter / kranck⸗
53 1418 898 1485 heiten vertreiben (wie man denn ſagen wil /
53 1466 899 1536 daß auch Endemus der Philoſophus etwas
54 1525 901 1598 ſolches blunders geſchmidt habe) vnnd ſonſt
58 1583 813 1668 groſſe wunderwerck verbracht werden.
768 1631 901 1713 Man
