1160 1997
286 113 973 174 256 Von verblendung der
281 168 1121 237 fondern auch Gottloſer / Gottsleſterlicher
279 226 1121 289 weiſe beſchworen: Es werden auch darzů
282 289 1120 352 gebraucht etliche harachter frembde woͤrter:
282 342 1123 401 Vnd weil man in allem graben iſt / liſt man
277 391 1123 464 den Pſalmen: Auß tieffer noth ſchrey ich zu
277 449 1121 517 dir. Die Meß: Miſereatur noſtri. Re-
279 505 1120 569 quiem. Pater noſter. Aue Maria. Ne
277 565 1121 634 nos inducas in tentationem, ſed libera
276 622 1120 682 nos a malo, Amen. A porta inferi. Cre-
279 678 1115 747 do videre, Ac. Expectare Dominum,
276 735 1121 798 Requiem zternam, cum oratione certa.
339 788 1121 857 Vnd wo es ſach were / daß man die rech⸗
274 858 1121 916 te zeit zugraben verſaumete / ſo iſt der Teuf⸗
276 905 1120 976 fel nicht vnbehend / vnd fehꝛt mit dem ſchatz
274 965 1116 1025 hinweg / vnnd daruon. Das aber ein ſchloß
272 1026 1120 1088 oder rigel auffgethon werde / muͤß man die
272 1071 1120 1146 ſach alſo angreiffen: In eim ſtuͤcklin wachs
271 1128 1120 1203 ſo zu dem Tauffdeſigniert / truckt man et⸗
271 1186 1120 1249 liche Blůmlein / welchs alles zumal an das
269 1243 1118 1308 vorder theil des hembdes gebunden wirdt.
274 1298 1116 1364 Vnnd ſo man das ſchloß oͤffnen wil / muͤſſe
267 1364 1113 1421 man zu dem dritten mal / dieſe wort daruͤber
266 1411 1115 1484 kauchen: Arato hoc partiko hoe maratarik
266 1467 1113 1534 inn deinem nammen brich ich dieſes ſchloß /
266 1529 1115 1599 welches zubrechen ich bezwungen wuͤrd /
267 1582 1120 1660 wie du die Hell zerbricheſt / inn dem namen
1031 1645 1116 1710 des
