1176 1998
66 126 871 189 boͤſen Geiſter / Das llll. Buch. 250
33 183 874 246 than / weder aber mit ſo viel vnnd mancher⸗
34 239 871 313 ley ruͤſtungen / ſo manch ewig jar die ſchloß
34 298 872 359 der Statt erſuchet? So ſich einer vor ſei⸗
33 354 876 414 nem feind vnnd anderem vnfall verwaren
34 407 874 477 wil / ſo verzeichnet man mit Kreyden eine
33 464 876 534 Figur an die Erden / braucht darzů viel ſel⸗
34 522 874 584 tzamer ſtemponeien / es werden auch darzů
38 577 877 642 Pſalmen / vnnd Gebett / ja darmit es deſter
34 632 876 702 mehr anſehens habe / ein Meß verleſen / vnd
34 689 877 757 inn einem Baum ein eyſener Nagel hinein
36 747 877 820 geſtecket. Wil jemands / daß es ſich / als ob
33 800 874 872 er bey tauſent menſchen oder pferd vmb ſich
36 857 879 929 her habe / anſehen laſſe / ſo brauche er einen
34 912 881 987 jaͤrigen Weidenaſt / inn einem ſtreich abge⸗
36 967 881 1038 hauwen / mit eiwas beſchwerung / Barba⸗
34 1025 877 1088 riſcher worten erzellung / vnd groben vnfle⸗
36 1080 879 1145 tigen charactern. Es ſind auch die Zauberer
31 1133 879 1205 beredet / ſie fuͤgen einen groſſen mercklichen
36 1192 881 1268 ſchaden zů / wenn ſie inn deſſen / den ſie ſche⸗
34 1248 881 1317 digen woͤllen / nammen / ein Bildlein zůbe⸗
34 1303 879 1371 reiten / auß neuwem Wachs / vnder wel⸗
36 1360 877 1425 ches Bildes rechte achßlen das Hertze einer
43 1416 879 1485 Schwalmen ſoll gelegt werden / vnnd die
41 1471 884 1545 Leber vnder die lincke . Deßgleichen wirde
38 1530 881 1593 an einen neuwen Faden an den hals ein
43 1585 877 1665 Bild gehenckt / vnd mit einer nagelneuwen
541 1641 629 1719 ij
707 1641 879 1724 Nadlen
