1161 1997
288 133 991 198 260 Von verblendung der
291 186 1129 259 Nadlen in das glied / welches man verletzen
288 244 1131 309 wil / geſtochen / auch etliche wort von wun⸗
286 297 1132 376 derfitzigen Leuten wegen auff das mal ge⸗
288 354 1136 432 ſchweigen / geſprochen. Dieſes Bild wirdt
288 411 1132 485 vnderweilen auß Ertz geſtaltet / vnnd ſeine
291 470 1131 545 glieder zu mehrer verwuͤſtung / verkeret / als
288 524 1132 600 daß die Fuͤſſe an ſtatt der Henden / vñ darge⸗
289 580 1127 657 gen die Hende an ſtatt der Fuͤſſen ſtanden /
288 639 1129 710 vnnd das angeſicht auch vmbgekehret ſeye.
288 693 1129 767 Einen grauſamen / groſſen vnd vblen ſcha⸗
286 752 1127 823 den vnd vnfall jemands vber den hals zurich
286 810 1129 875 ten / wirdt gleicher weiß ein Bild inn eines
286 860 1132 931 Menſchen geſtalt zůgerichtet / an welches bil
284 921 1127 988 des haupt ein gewiſſer name / vñ an die ripp
286 975 1131 1050 dieſe woꝛt geſchrieben werden: Alif ca feil
293 1030 1129 1108 Zaza hit mel meltat leuiatham leutatacewvñ
284 1088 1129 1158 wirdt alles zumal inn ein Grab vergraben.
286 1144 1129 1211 Eben zu dem end / wie ſie es nennen / werden
283 1198 1127 1269 in Martis Domino zwey Bild zůgerich⸗
281 1258 1131 1332 tet / eine auß Wachs / die andere auß eines
281 1313 1127 1379 todten Menſchen Erden / vnnd wirdt hie⸗
281 1369 1129 1441 mit dem einen Bild ein Waffen / darmit
281 1424 1126 1499 ein Menſch iſt vmbgebracht worden / inn
281 1481 1124 1552 die haͤnde gegeben / daß es des andern Bil⸗
278 1546 1126 1610 des Haupt durchſteche. An beyde aber wer⸗
278 1594 1124 1675 den etliche nammen geſchrieben / vnnd ſon⸗
959 1652 1121 1717 derbare
