1204 1997
456 119 974 191 Von verblendung der
288 184 1132 251 gen jrs unglaubens / nit moͤgen aufgetriebē
286 237 1135 311 werden. Als aber der knab letztlich zuͤ dem
286 287 1130 366 Herꝛn Chꝛiſto komen / hat er jn abermals her
284 341 1135 419 tiglichen angegriffen / alſo daß er ſchaumet
284 407 1137 479 zů boden fiel / vnd von dem geiſt / welcher dañ
286 454 1129 535 auß befelch des Herꝛn jetzund weichen můſt /
286 519 1134 590 zů der letzen / dermaſſen zůgeruͤſt / das jn jeder
286 567 1130 640 man ſteinhert todt ſein gentzlich vermeinet /
286 620 1134 698 daß im der Her die hand both vnd auffrich⸗
286 680 1134 760 tet. Iſt es nit war / daß nemlich dz weib deſſe
284 742 1137 812 Luc.13. meldung geſchicht eben ein ſolche frã
286 790 1135 870 ckheit gehabt hat / wie die ſo mã heutigs tags
286 853 1134 925 darfuͤr / daß ſie veruntrewt woꝛden / haltet?
284 906 1135 978 Dann ſie 18. gantzer jar einen geiſt der kran⸗
283 960 1132 1038 ckheit gehabt / vnd von demſelben dermaſſen
284 1016 1132 1091 gekruͤmbt / daß ſie das haupt kuͤmerlich auff⸗
281 1071 1132 1153 richten vnd obſich ſehen koͤnte / biß das ſie vů
283 1126 1134 1206 ſolchem band durch den herꝛn Chꝛiſtum an ei
284 1183 1132 1261 nem Sabbath erledigt ward. Wer iſt nun ſo
284 1239 1130 1323 eines keibigen / eigenſinnigen kopffs / daß er
283 1303 1132 1374 leugnen doͤrffe / wann diſe / ſo erſt anzogen vñ
284 1352 1132 1432 erzelt woꝛden / zů vnſern zeiten geſchen wur⸗
284 1412 1132 1482 den / dz jederman mit einhaͤlliger ſtim̃ ſchrie⸗
286 1462 1132 1542 he / es werden ſolche arbeitſelig Leut etwan
284 1521 1130 1600 durch eins alten weibs zauberkunſt vnnatuͤr
286 1577 1129 1670 licher weiß gepeinigt / vnſinnig gemacht / ge
939 1644 1120 1729 kruͤmpt /
