1176 1997
71 106 886 176 boͤſen Geiſter / Das IIII. Buch. 26
38 163 876 237 derbare Character verzeichnet. Wileiner /
38 219 881 291 daß jhme etwan ein ſchoͤnes Weiblein auff
39 277 881 352 holdſchůhen nachgange / ſo machet er in ho⸗
36 334 877 411 ra Veneris ein Bildlein auß newem wachs
38 389 881 465 inn jhrem nammen / darein trucket er einen
39 447 879 515 Character / vnd wermet es bey dem feuwre /
38 504 884 580 vnnd weil ſolches geſchicht / ſo jhm ein En⸗
39 564 882 639 gel inn den ſinn kommen. Schier ein ſolchs
39 612 882 695 Monſtrum wirdt auch angegeben / ſo je⸗
39 672 884 740 mandts wolte / daß jhme einer inn allen din⸗
41 735 882 803 gen wilfahrete. Vnnd darmit zu letſt ein ar⸗
39 782 886 857 beitſelige Hex an das haupthaar auffgehen⸗
43 838 889 911 cket werde / vnnd dieſes cytel lugenſpiel / ei⸗
41 901 889 968 nen greuwlichen außgang habe / ſo wirdt ein
41 950 889 1026 ein Bild auß der Erden eines todten Men⸗
44 1006 887 1086 ſchen haupt zůbereitet / inn eines anderen
43 1065 887 1143 nammen getauffet / ein nammen / ſampt et⸗
44 1118 886 1196 was Character darein getrucket / auffſolchs
44 1178 886 1249 wirdt es mit einem faulen bein bereuchert /
46 1233 889 1306 vnnd dieſe Pſalmen: Domine Dominus
46 1289 891 1366 noſter. Dominus illuminatio mea. Do⸗
46 1346 891 1416 mine exaudi orationem meam . Deus
48 1406 892 1472 laudem meam ne tacueris / hinderſich ge⸗
48 1461 892 1539 leſen. Nach ſolchem wirdt es an zweyen or⸗
48 1516 894 1585 ten vergraben. Darmit offt ermelter Peria⸗
53 1569 894 1660 pten / Charactern / Figuren / Ringen / Bil⸗
787 1635 897 1709 dern
607 1635 712 1712 r iij
