<?xml version="1.0" encoding="UTF-8"  standalone="yes"?>
<PcGts xmlns="http://schema.primaresearch.org/PAGE/gts/pagecontent/2019-07-15" xmlns:xsi="http://www.w3.org/2001/XMLSchema-instance" xsi:schemaLocation="http://schema.primaresearch.org/PAGE/gts/pagecontent/2019-07-15 http://schema.primaresearch.org/PAGE/gts/pagecontent/2019-07-15/pagecontent.xsd">
  <Metadata externalRef="https://content.staatsbibliothek-berlin.de/dc/813172837-0284/full/full/0/default.jpg">
	<Creator>escriptorium</Creator>
	<Created>2023-03-06T11:57:50.850435+00:00</Created>
        <LastChange>2023-03-06T11:57:50.850451+00:00</LastChange>

  </Metadata>
  <Page imageFilename="283_2328a_default.jpg" imageWidth="1161" imageHeight="1997">

    
    <TextRegion id="eSc_textblock_7351d925"  >
      <Coords points="498,106 967,113 1022,159 1114,166 1141,193 1121,1702 949,1702 914,1649 279,1629 279,126 443,133 498,106"/>
      
      
      <TextLine id="eSc_line_d85ff9cb" >
        <Coords points="979,124 967,114 961,113 959,113 957,113 956,113 939,121 924,111 912,111 896,111 879,111 876,111 851,116 777,109 762,109 751,109 731,118 719,108 712,108 696,108 679,108 662,108 646,108 629,108 626,108 617,114 573,111 571,111 569,111 551,119 528,106 513,106 496,106 479,113 463,121 446,129 429,131 413,131 396,129 379,129 363,129 346,128 329,128 313,126 296,126 281,126 281,158 279,166 989,166 991,161 991,134 979,124"/>
        <Baseline points="281,158 991,161"/>
        <TextEquiv>
          <Unicode>284. Von verblendung der</Unicode>
        </TextEquiv>
      </TextLine>

      
      
      <TextLine id="eSc_line_787b9978" >
        <Coords points="1114,169 1099,164 1096,164 1094,164 1017,173 1016,173 997,164 996,164 994,164 639,171 587,171 584,171 561,161 559,161 558,161 556,161 554,161 541,169 471,161 469,161 281,168 281,214 279,221 338,232 339,232 341,232 361,224 409,232 411,232 551,224 564,232 566,232 568,232 844,236 846,237 981,237 981,236 982,236 984,236 994,227 1082,236 1084,236 1126,226 1127,219 1127,181 1114,169"/>
        <Baseline points="281,214 1127,219"/>
        <TextEquiv>
          <Unicode>men ruͤffen: Denn ſie je die groͤſſe der liebe</Unicode>
        </TextEquiv>
      </TextLine>

      
      
      <TextLine id="eSc_line_e71dd547" >
        <Coords points="283,271 281,281 298,289 299,289 301,289 341,281 373,289 374,289 376,289 421,281 446,289 448,289 449,289 664,281 671,281 676,281 787,291 789,291 1124,281 1126,274 1124,231 283,227 283,271"/>
        <Baseline points="283,271 1126,274"/>
        <TextEquiv>
          <Unicode>vnd holdſchafft / taub vnnd vnſinnig gema⸗</Unicode>
        </TextEquiv>
      </TextLine>

      
      
      <TextLine id="eSc_line_ab3395cf" >
        <Coords points="284,327 283,336 309,346 311,346 313,346 373,337 458,337 468,346 469,346 471,346 473,346 523,337 524,337 564,347 566,347 568,347 629,339 681,347 682,349 682,347 729,339 734,339 742,339 847,349 849,349 892,341 896,341 897,341 914,349 916,349 917,349 1127,342 1129,332 1127,287 719,277 717,277 647,284 637,284 627,284 566,276 564,276 284,281 284,327"/>
        <Baseline points="284,327 1129,332"/>
        <TextEquiv>
          <Unicode>chet hat. Derhalben ſie von jhren Eltern in</Unicode>
        </TextEquiv>
      </TextLine>

      
      
      <TextLine id="eSc_line_2b4dc248" >
        <Coords points="1054,332 1052,332 1051,332 1039,341 1037,342 919,342 917,341 889,332 887,332 886,332 734,341 707,341 704,341 679,331 677,331 676,331 674,331 651,339 601,331 599,331 284,337 284,384 283,394 304,404 306,404 308,404 309,404 329,396 431,404 433,404 434,404 463,396 496,404 498,404 499,406 607,406 607,404 609,404 611,404 611,402 617,397 619,396 636,397 722,406 724,406 811,399 842,397 856,399 882,406 884,406 886,406 896,401 902,397 1124,402 1127,387 1126,342 1056,332 1054,332"/>
        <Baseline points="284,384 1127,387"/>
        <TextEquiv>
          <Unicode>ein Cloſter gefůhret / vnddem Senioꝛ vber⸗</Unicode>
        </TextEquiv>
      </TextLine>

      
      
      <TextLine id="eSc_line_d61258d7" >
        <Coords points="284,439 283,449 1127,462 1131,445 1129,402 947,392 946,392 944,392 927,401 921,392 919,392 919,391 917,391 916,391 914,391 871,399 861,391 859,391 857,391 856,391 817,399 814,399 804,399 684,391 682,391 284,394 284,439"/>
        <Baseline points="284,439 1131,445"/>
        <TextEquiv>
          <Unicode>antwortet ward / da denn der boͤſe Geiſt den</Unicode>
        </TextEquiv>
      </TextLine>

      
      
      <TextLine id="eSc_line_1489330c" >
        <Coords points="283,497 281,504 1124,515 1127,500 1126,457 934,457 932,455 922,447 921,447 919,447 917,447 916,447 914,447 902,454 901,455 877,454 777,447 776,447 774,447 762,454 757,455 752,454 737,447 736,447 734,447 681,452 666,454 662,452 644,445 642,445 641,445 639,445 612,452 604,454 596,452 564,445 563,445 561,445 538,452 529,454 521,452 501,445 499,445 498,445 283,449 283,497"/>
        <Baseline points="283,497 1127,500"/>
        <TextEquiv>
          <Unicode>aller nechſten heulende bekennet / vnnd ver⸗</Unicode>
        </TextEquiv>
      </TextLine>

      
      
      <TextLine id="eSc_line_7d15bcc8" >
        <Coords points="281,569 396,564 406,570 408,572 409,572 411,572 413,574 528,574 528,572 529,572 531,572 534,570 544,564 563,569 576,574 578,574 579,574 617,569 652,565 694,569 754,574 756,574 789,569 806,565 811,569 819,574 821,574 822,574 824,574 997,567 1012,567 1016,567 1067,575 1069,575 1127,565 1129,557 1126,510 894,514 811,505 776,502 774,502 757,505 714,512 701,504 699,502 697,502 696,502 694,502 692,502 689,504 671,514 574,514 531,502 526,500 524,500 421,500 419,500 418,500 416,500 404,512 371,512 361,502 361,500 359,500 358,500 356,500 354,500 321,509 284,499 283,552 281,569"/>
        <Baseline points="283,552 1129,557"/>
        <TextEquiv>
          <Unicode>jach: Ich hab gewalt gelitten / gezwungen</Unicode>
        </TextEquiv>
      </TextLine>

      
      
      <TextLine id="eSc_line_603c1a21" >
        <Coords points="283,609 281,617 379,629 381,630 443,630 443,629 444,629 446,629 446,627 454,620 624,630 626,630 627,630 656,622 657,622 702,630 704,630 752,622 759,622 772,622 871,632 872,632 874,632 906,624 909,624 911,624 931,632 932,632 934,632 936,632 962,625 967,624 972,625 997,632 999,632 1001,632 1126,625 1127,614 1126,572 283,562 283,609"/>
        <Baseline points="283,609 1127,614"/>
        <TextEquiv>
          <Unicode>vnd getrungen bin ich hingefuͤhret worden.</Unicode>
        </TextEquiv>
      </TextLine>

      
      
      <TextLine id="eSc_line_cfe3265b" >
        <Coords points="286,665 284,673 319,685 321,685 323,685 431,677 439,677 441,677 464,685 466,685 468,685 671,682 811,678 831,683 847,688 849,688 851,688 886,685 929,680 936,685 937,687 937,688 939,688 941,688 942,688 944,688 946,688 947,687 957,680 1127,688 1131,670 1131,625 1079,615 1077,615 907,622 851,624 827,620 784,615 286,615 286,665"/>
        <Baseline points="286,665 1131,670"/>
        <TextEquiv>
          <Unicode>Wie betroge ich doch zu Memphis die leute</Unicode>
        </TextEquiv>
      </TextLine>

      
      
      <TextLine id="eSc_line_06ba6ba3" >
        <Coords points="283,722 281,737 1126,737 1127,727 1126,678 283,670 283,722"/>
        <Baseline points="283,722 1127,727"/>
        <TextEquiv>
          <Unicode>ſo meiſterlich mit traͤumen? D des Creu⸗</Unicode>
        </TextEquiv>
      </TextLine>

      
      
      <TextLine id="eSc_line_f029efe9" >
        <Coords points="281,778 279,792 1121,795 1124,783 1122,732 281,727 281,778"/>
        <Baseline points="281,778 1124,783"/>
        <TextEquiv>
          <Unicode>tzes / pein vnd leidens / ſo ich erdulden muͤſſe.</Unicode>
        </TextEquiv>
      </TextLine>

      
      
      <TextLine id="eSc_line_97310f6a" >
        <Coords points="283,837 281,845 404,845 414,847 448,855 449,855 451,855 453,855 469,848 474,847 496,848 559,855 561,855 589,850 609,847 621,852 634,857 636,857 637,857 696,852 752,848 782,853 804,858 806,858 874,857 984,852 1037,860 1047,860 1049,860 1051,860 1052,860 1052,858 1061,852 1116,860 1119,845 1116,787 984,795 929,785 927,785 926,785 784,793 283,780 283,837"/>
        <Baseline points="283,837 1119,845"/>
        <TextEquiv>
          <Unicode>Du wilſt mich zwingen außzufahren / ſo ich</Unicode>
        </TextEquiv>
      </TextLine>

      
      
      <TextLine id="eSc_line_2add9961" >
        <Coords points="1067,898 1024,908 1021,908 1016,908 977,898 976,898 974,898 972,898 951,906 946,908 926,906 819,896 817,896 766,905 752,906 533,906 521,901 493,893 491,893 489,893 281,898 281,945 279,965 1122,968 1126,951 1124,910 1069,898 1067,898"/>
        <Baseline points="281,945 1126,951"/>
        <TextEquiv>
          <Unicode>bin. Ich fahre zwar mit nichten auß / es ſeye</Unicode>
        </TextEquiv>
      </TextLine>

      
      
      <TextLine id="eSc_line_7e6d7c5b" >
        <Coords points="283,1001 281,1010 389,1021 391,1021 488,1013 491,1013 516,1023 518,1023 519,1023 584,1015 734,1025 736,1025 1126,1018 1127,1008 1126,956 919,963 904,955 902,953 901,953 899,953 897,953 872,955 761,961 716,953 704,951 702,951 676,953 589,960 541,951 533,951 531,951 529,951 526,951 501,960 283,951 283,1001"/>
        <Baseline points="283,1001 1127,1008"/>
        <TextEquiv>
          <Unicode>denn ſach / daß der Juͤngling / ſo mich auff⸗</Unicode>
        </TextEquiv>
      </TextLine>

      
      
      <TextLine id="eSc_line_f9895b9a" >
        <Coords points="284,1056 283,1065 453,1078 454,1078 501,1070 621,1080 622,1080 624,1080 652,1071 656,1071 776,1071 781,1073 791,1081 792,1081 794,1081 796,1081 1126,1078 1127,1065 1127,1020 1116,1011 1114,1011 1112,1011 1111,1011 1006,1020 967,1021 922,1016 852,1010 851,1010 826,1015 802,1020 766,1013 732,1008 731,1008 696,1011 641,1018 629,1010 624,1006 622,1006 621,1006 619,1006 617,1006 607,1010 591,1018 491,1018 459,1006 453,1005 451,1005 449,1005 434,1006 361,1015 284,1003 284,1056"/>
        <Baseline points="284,1056 1127,1065"/>
        <TextEquiv>
          <Unicode>haltet / fahren laſſe. Darauff denn der alte</Unicode>
        </TextEquiv>
      </TextLine>

      
      
      <TextLine id="eSc_line_ce4f9339" >
        <Coords points="288,1116 286,1123 311,1131 313,1131 314,1131 479,1124 493,1124 494,1124 504,1133 506,1133 508,1133 509,1134 1124,1134 1126,1123 1124,1078 1074,1068 1072,1068 949,1075 921,1076 919,1075 912,1070 912,1068 911,1068 909,1068 907,1068 806,1073 772,1075 757,1073 706,1065 704,1065 639,1071 617,1073 288,1068 288,1116"/>
        <Baseline points="288,1116 1126,1123"/>
        <TextEquiv>
          <Unicode>Vatter antwoꝛtet / das iſt zwar ein mechtige</Unicode>
        </TextEquiv>
      </TextLine>

      
      
      <TextLine id="eSc_line_35dc8575" >
        <Coords points="283,1171 281,1186 1124,1189 1127,1178 1124,1131 871,1131 866,1129 852,1123 851,1123 849,1123 847,1123 846,1123 846,1124 841,1129 837,1133 707,1133 667,1128 576,1121 574,1121 543,1128 533,1129 518,1128 454,1119 453,1119 451,1119 426,1128 424,1128 421,1128 398,1119 396,1119 394,1119 283,1126 283,1171"/>
        <Baseline points="283,1171 1127,1178"/>
        <TextEquiv>
          <Unicode>ſtercke / hinderſich dar / wenn du dich mit ei⸗</Unicode>
        </TextEquiv>
      </TextLine>

      
      
      <TextLine id="eSc_line_c682936e" >
        <Coords points="279,1228 278,1236 1121,1251 1124,1234 1122,1191 1069,1179 1067,1179 999,1189 996,1189 992,1189 902,1178 901,1178 714,1188 702,1188 701,1188 672,1176 671,1176 669,1176 667,1176 646,1186 559,1178 558,1178 513,1186 491,1174 489,1174 488,1174 434,1184 409,1174 408,1174 406,1174 404,1174 403,1174 384,1186 291,1186 279,1228"/>
        <Baseline points="279,1228 1124,1234"/>
        <TextEquiv>
          <Unicode>nem gereiß vnd blech anbinden laſſeſt. Sag</Unicode>
        </TextEquiv>
      </TextLine>

      
      
      <TextLine id="eSc_line_157b7d40" >
        <Coords points="281,1284 279,1293 344,1303 346,1303 489,1296 519,1304 521,1304 523,1304 667,1298 709,1306 711,1306 1126,1299 1127,1291 1126,1241 281,1238 281,1284"/>
        <Baseline points="281,1284 1127,1291"/>
        <TextEquiv>
          <Unicode>mir her / wie haſt du doͤrffen ſo freuel ſein / vñ</Unicode>
        </TextEquiv>
      </TextLine>

      
      
      <TextLine id="eSc_line_4c5ee587" >
        <Coords points="281,1339 279,1346 959,1362 961,1362 1122,1354 1124,1347 1122,1303 959,1303 954,1301 929,1293 927,1293 926,1293 829,1299 814,1299 811,1299 791,1291 789,1291 787,1291 281,1293 281,1339"/>
        <Baseline points="281,1339 1124,1347"/>
        <TextEquiv>
          <Unicode>inn dieſe Gottes Dienerin hinein fahren?</Unicode>
        </TextEquiv>
      </TextLine>

      
      
      <TextLine id="eSc_line_b513af56" >
        <Coords points="283,1397 281,1406 343,1419 344,1419 346,1419 379,1409 434,1417 436,1417 438,1417 439,1417 449,1409 581,1409 599,1421 601,1421 602,1421 604,1421 649,1411 651,1411 654,1411 842,1422 844,1422 1122,1414 1124,1402 1119,1347 1087,1357 912,1357 877,1347 876,1347 874,1347 872,1347 844,1356 789,1346 782,1346 781,1346 759,1346 582,1354 568,1346 566,1344 564,1344 563,1344 561,1344 559,1344 554,1346 531,1352 283,1346 283,1397"/>
        <Baseline points="283,1397 1124,1402"/>
        <TextEquiv>
          <Unicode>Spricht der Geiſt / Daß ich jr Jungkfraw⸗</Unicode>
        </TextEquiv>
      </TextLine>

      
      
      <TextLine id="eSc_line_d7c96a9e" >
        <Coords points="373,1399 371,1399 366,1401 349,1409 281,1401 281,1454 279,1462 1121,1471 1124,1462 1121,1412 811,1414 771,1407 754,1404 752,1404 751,1404 749,1404 749,1406 747,1406 741,1414 689,1414 667,1406 659,1402 657,1402 656,1402 654,1402 644,1406 617,1412 563,1404 549,1402 548,1402 533,1404 469,1411 449,1402 444,1401 443,1401 374,1399 373,1399"/>
        <Baseline points="281,1454 1124,1462"/>
        <TextEquiv>
          <Unicode>ſchafft bewarete. Antwoꝛtete der alt: Ddu</Unicode>
        </TextEquiv>
      </TextLine>

      
      
      <TextLine id="eSc_line_efec46ad" >
        <Coords points="281,1507 279,1514 326,1524 328,1524 871,1524 882,1532 884,1532 886,1532 1001,1534 1002,1534 1121,1526 1122,1519 1122,1467 281,1461 281,1507"/>
        <Baseline points="281,1507 1122,1519"/>
        <TextEquiv>
          <Unicode>verrhaͤter aller keuſchheit / Solteſt du ſie bey</Unicode>
        </TextEquiv>
      </TextLine>

      
      
      <TextLine id="eSc_line_221ddee5" >
        <Coords points="1112,1519 1111,1519 1064,1527 1049,1519 1046,1519 1034,1519 1012,1529 864,1529 844,1521 836,1517 834,1517 832,1517 831,1517 829,1517 829,1519 827,1521 819,1527 777,1521 762,1519 761,1519 759,1519 757,1519 756,1521 749,1526 741,1521 737,1517 736,1517 734,1517 732,1517 731,1517 717,1521 702,1526 689,1522 669,1516 667,1516 666,1516 592,1522 561,1526 543,1524 491,1516 489,1516 441,1524 433,1526 423,1526 356,1516 354,1516 291,1526 279,1569 278,1579 1121,1579 1122,1572 1121,1517 1112,1517 1112,1519"/>
        <Baseline points="279,1569 1122,1572"/>
        <TextEquiv>
          <Unicode>jrer Jungkfrauwſchafft bewaren / warumb</Unicode>
        </TextEquiv>
      </TextLine>

      
      
      <TextLine id="eSc_line_a12e2bce" >
        <Coords points="281,1624 279,1637 319,1650 321,1650 323,1650 324,1650 348,1639 391,1639 424,1655 426,1655 428,1655 489,1652 491,1652 493,1652 508,1640 538,1649 539,1649 541,1649 543,1649 563,1640 596,1657 597,1657 599,1657 601,1657 619,1647 629,1657 631,1657 632,1657 634,1657 636,1657 661,1650 702,1659 704,1660 801,1660 801,1659 802,1659 804,1659 804,1657 821,1644 822,1642 842,1644 946,1655 947,1655 949,1655 981,1645 989,1644 1121,1647 1124,1630 1124,1584 281,1577 281,1624"/>
        <Baseline points="281,1624 1124,1630"/>
        <TextEquiv>
          <Unicode>biſt du denn nicht als mehr in den / ſo dich her</Unicode>
        </TextEquiv>
      </TextLine>

      
      
      <TextLine id="eSc_line_f6b92620" >
        <Coords points="947,1689 947,1717 1049,1705 1064,1707 1097,1714 1099,1714 1101,1714 1102,1714 1119,1704 1119,1685 1114,1637 946,1644 947,1689"/>
        <Baseline points="947,1689 1119,1685"/>
        <TextEquiv>
          <Unicode>geſandt /</Unicode>
        </TextEquiv>
      </TextLine>

      
    </TextRegion>
    

    
  </Page>
</PcGts>
