1161 1997
279 119 984 181 266 Von verblendung der
279 173 1114 246 blech außgeſtochen / zuwegen bracht wordē /
281 224 1116 302 ſonder dieweil ſie dem Teuffel / wie es jhren
279 279 1116 359 deñauch Hilario auffrupffet / ein anlaß ge⸗
281 339 1114 414 geben / vnd herbey geraumet / iſt jme ſie vmb
279 391 1116 470 zutreiben von Gott verguͤnet vñ zůgelaſſen
274 447 1122 520 worden. Doctor Thomas Aquinas glaubt
278 502 1119 585 feſtigklich / vnd leſſet ſich deſſen hoͤꝛen in dem
274 567 1121 642 buͤchlein von den heimlichen wercken der na
274 622 1119 690 tur / beſchrieben / daß die ringe / vnd was ſonſt
274 677 1121 755 kuͤnſtliches gefiguriert wirdt / nichts vberal
274 732 1117 808 vonn wegen derſelbigen Figur wuͤrcke / oder
274 787 1114 860 auch mehr krafft von dem Geſtirnen / durch
273 843 1117 918 mitlung einer Figur / entpfahe / weder ſonſt.
274 898 1117 976 Denn je was auß kunſt gemacht wirdt / we⸗
273 958 1117 1031 der auff die materi noch auff die form er⸗
274 1011 1117 1093 uolget. Gleicher geſtalt haltet er auch von
273 1071 1116 1146 worten / daß ſie nemlich außgeſprochen /
273 1126 1116 1198 nichts anders denn das gehoͤr verwandlen
271 1186 1117 1253 vnnd verendern. Derhalben Martinus de
271 1238 1114 1313 Arles der Theologia warlich ſchreibet / inn
271 1294 1114 1372 ſeinem Bůch de luperſtitionibus od aber
273 1352 1112 1434 glaubigen dingen / daß alle Bildnuſſen / ſo
271 1409 1114 1482 auß Ertz / Brey / Gold / weiſſem / rotē wachs
273 1464 1114 1537 oder anderer materi geſtaltet / geteufft / be⸗
269 1519 1111 1592 ſchworen / verſegnet / ja verflůcht werden /
271 1577 1116 1670 Arch die kunſt der Zauberer / vnd das anet⸗
981 1632 1114 1714 lichen
