1206 1997
124 126 907 194 boͤſen Geiſter / Das lIl. Buͤch.
68 179 916 251 kruͤmpt / geſtochen / zerꝛiſſen / Aber was fellet
69 236 916 314 die heilig Goͤttlich Schrifft fuͤr ein vrtheil
69 294 916 367 daruon? Wer ſagt ſie durch ſeine kunſt / dieſe
73 349 912 426 Menſchen ſo hertigliche angegriffen habe?
71 407 914 475 Der Teuffel. Wer habe jhm aber darzu ge⸗
73 464 916 534 holffen oder geheiſſen? Niemandts / Sonder
69 517 919 594 es iſt allein auß boßhafftigen willen des Sa⸗
69 579 917 652 thans / doch nit ohn Gottes verhengnis ge⸗
69 634 919 705 ſchehen / zů dem endt / daß ſie entweders von
69 688 916 762 begangner ſuͤnden wegen geſtrafft / oder aber
68 743 914 818 bewert vnd in jren glauben geſterckt wurdē /
71 802 916 873 Du wirſt auch in der gantzen Bibli alts vnd
69 858 921 928 nedes Teſtaments / nit ein eintziges exempel
71 920 917 983 finden / dardurch bezeugt werden moͤge / daß
71 970 919 1038 der Sathan eins menſchen leib etwas leidts
71 1031 919 1101 zubeweiſen / je einer Vnholden huͤlff nachge⸗
73 1083 916 1158 fragt oder gebraucht habe / ſo doch menglich
71 1139 922 1213 bekennen můß / daß er gar nit / ſeinen gewalt
71 1196 922 1263 vnd betruͤglichen werck zůerzeigen vnderlaſ⸗
73 1249 922 1321 ſen habe. Es bedarff auch der boͤß alt Feinde
73 1308 924 1379 keines menſchē huͤlff / dieweil er fůr ſich ſelbs
76 1362 924 1441 gewaltig gnůg iſt / die Menſchen vmbzůtrei⸗
74 1427 922 1486 ben / jr gemuͤt vnd geſicht verblenden / mit vn
73 1477 926 1551 natuͤrlichen kranckheiten peinigen / mit ge⸗
78 1534 926 1599 ſchweren ſchlachen / vnd ſchwere vngewitter
76 1590 927 1672 zůerwecken. In dem Malleo maleficorum
852 1650 912 1729 lſt
