1169 1998
89 133 882 206 boͤſen Geiſter / Das IIII. Buch. 279
34 194 879 268 genommen / iſt krefftig / vnd verwandlet den
33 251 877 319 Menſchen zu einer newen Creature / troͤſter
31 308 879 374 auch die betruͤbte hertzen / beſchirmet vnd be⸗
29 364 877 436 waret ſie wider alles anrennen des boͤſen
31 419 875 491 Feinds / entzuͤndet ſie mit inbruͤnſtigem Ge⸗
28 479 872 544 bett in dem nammen des HERren Chriſti/
26 529 874 609 dardurch ſie denn alles das jehnig / ſo ſie be⸗
28 591 872 654 geren / gewertig werden. Dieſes aber alles
28 646 865 720 ſampt bleibt dem Gottes Wort noch lang
26 700 862 772 vber / vnd das an der hawen wie maͤ ſpꝛcht /
26 757 870 832 kleben / ſo man es auff Papir klitteret / oder
28 814 865 884 ſonſt auff ein materi trucket oder außſtichet /
23 877 867 940 an den hals hencket / auff die vberthuͤren le⸗
26 927 869 999 get / oder vnter die ſchwellen vergrabet. Ja
28 984 867 1055 ſo weit iſt es daruon / daß der Teuffel von an
24 1040 865 1107 ſchawens wegen / gemaleter / oder außgeſto⸗
23 1098 865 1170 chner worten / oder Spruͤchen heiliger ge⸗
28 1153 865 1225 ſchrifft / ſie ſeyen ja / mit vnd durch was foꝛm
24 1210 865 1282 ſie jmmer woͤllen / außgetruckt vnd fuͤrgebil
21 1267 862 1338 det / erſchreckt / verjagt / oder gebunden wer⸗
21 1320 859 1393 de / daß er auch ſie ſelbſt wol verſtehet / auch
19 1375 865 1446 vnterweilē / darmit er deſter mit mehr geſchei
21 1431 1030 1501 digkeit die leute vber dz ſeilwerffe / anzuziehē: Mat. 4.
19 1486 1030 1561 nicht ſchemet. Wie man deñ liſt / das er / als Mar. 1.
21 1548 844 1623 er ſichan den Herren Chriſtum geſetzet / ge
860 1535 1030 1586 Luce 4.
870 1583 1027 1658 Dſalm⸗,
24 1605 855 1698 than habe. Sondern / durch vnnd mit gu⸗
596 1668 684 1743 s ij
779 1660 857 1738 ter
