<?xml version="1.0" encoding="UTF-8"  standalone="yes"?>
<PcGts xmlns="http://schema.primaresearch.org/PAGE/gts/pagecontent/2019-07-15" xmlns:xsi="http://www.w3.org/2001/XMLSchema-instance" xsi:schemaLocation="http://schema.primaresearch.org/PAGE/gts/pagecontent/2019-07-15 http://schema.primaresearch.org/PAGE/gts/pagecontent/2019-07-15/pagecontent.xsd">
  <Metadata externalRef="https://content.staatsbibliothek-berlin.de/dc/813172837-0300/full/full/0/default.jpg">
	<Creator>escriptorium</Creator>
	<Created>2023-03-06T11:57:51.363764+00:00</Created>
        <LastChange>2023-03-06T11:57:51.363780+00:00</LastChange>

  </Metadata>
  <Page imageFilename="299_7bdb2_default.jpg" imageWidth="1164" imageHeight="1997">

    
    <TextRegion id="eSc_textblock_ed9f3573"  >
      <Coords points="452,106 997,113 1052,166 1137,179 1130,1429 1104,1702 985,1702 950,1649 259,1642 279,126 364,113 411,133 452,106"/>
      
      
      <TextLine id="eSc_line_8f696cfd" >
        <Coords points="334,116 318,119 301,121 284,124 284,154 284,164 368,159 368,154 368,118 349,114 334,116"/>
        <Baseline points="284,154 368,154"/>
        <TextEquiv>
          <Unicode>280</Unicode>
        </TextEquiv>
      </TextLine>

      
      
      <TextLine id="eSc_line_f62c3556" >
        <Coords points="997,116 940,116 937,113 934,111 930,111 914,111 902,111 899,113 892,114 790,114 785,109 780,109 764,109 747,109 731,109 714,108 697,108 681,108 664,108 652,108 574,111 564,106 564,106 547,106 536,106 532,108 516,106 514,106 497,106 481,106 464,106 449,106 449,154 447,159 589,169 591,169 592,169 616,163 629,171 631,171 632,171 634,171 1000,164 1002,159 1000,118 997,116"/>
        <Baseline points="449,154 1002,159"/>
        <TextEquiv>
          <Unicode>Von verblendung der</Unicode>
        </TextEquiv>
      </TextLine>

      
      
      <TextLine id="eSc_line_039fb898" >
        <Coords points="1124,176 1107,174 1090,171 1077,169 1077,171 919,161 917,161 874,169 872,169 870,169 844,161 842,161 840,161 752,168 744,161 744,159 742,159 741,159 739,159 737,159 704,168 702,168 689,168 511,158 509,158 404,164 399,164 383,156 381,156 379,156 291,163 291,211 289,229 519,232 521,232 539,229 564,224 589,229 607,232 609,232 611,232 612,232 616,229 624,224 652,229 684,234 686,234 782,229 812,227 830,229 904,236 905,236 907,236 930,227 935,227 940,227 984,237 985,237 1084,229 1095,237 1097,237 1099,237 1100,237 1102,237 1124,227 1125,219 1125,178 1124,176"/>
        <Baseline points="291,211 1125,219"/>
        <TextEquiv>
          <Unicode>gefůgten ſchaden ablainen. Auff ſolche weiß</Unicode>
        </TextEquiv>
      </TextLine>

      
      
      <TextLine id="eSc_line_406ea10c" >
        <Coords points="286,266 284,277 424,276 472,282 496,286 497,286 499,286 506,284 521,277 527,284 529,284 529,286 531,286 532,286 534,286 547,284 574,279 597,284 607,287 609,287 611,287 632,286 686,279 849,289 895,291 897,291 912,289 975,282 1007,291 1012,292 1014,292 1015,292 1030,291 1097,284 1124,292 1129,276 1129,231 286,218 286,266"/>
        <Baseline points="286,266 1129,276"/>
        <TextEquiv>
          <Unicode>nun / muß der gut arm ſimpliciſt / auff den</Unicode>
        </TextEquiv>
      </TextLine>

      
      
      <TextLine id="eSc_line_730a9308" >
        <Coords points="769,272 754,272 737,272 721,272 667,272 666,272 664,272 662,272 654,279 651,282 646,279 639,272 637,272 636,272 634,272 632,272 631,272 622,277 616,282 529,282 442,281 436,274 429,269 427,269 426,269 424,269 422,269 409,274 399,277 386,274 364,267 363,267 361,267 288,271 288,321 286,332 301,339 303,339 304,339 371,332 388,331 392,332 416,341 417,341 419,341 546,334 554,334 556,334 586,342 587,342 589,342 626,334 629,334 631,334 651,344 652,344 654,344 819,337 820,337 914,347 915,347 1129,339 1130,332 1130,289 1024,289 1020,286 1004,276 1002,276 1000,276 999,276 925,284 909,286 905,284 895,276 894,276 892,276 890,276 820,282 795,284 789,281 771,272 769,272"/>
        <Baseline points="288,321 1130,332"/>
        <TextEquiv>
          <Unicode>knien liegen / mit hoͤchſter andacht betten:</Unicode>
        </TextEquiv>
      </TextLine>

      
      
      <TextLine id="eSc_line_4ed46468" >
        <Coords points="286,376 284,391 667,391 676,392 696,399 697,399 699,399 737,394 757,391 764,394 779,401 780,401 782,401 844,394 867,392 900,394 1009,404 1010,404 1129,396 1130,387 1129,347 1079,336 1077,336 1075,336 1047,346 1045,346 1044,346 1035,337 1035,336 1034,336 1032,336 1030,336 922,342 890,344 875,342 830,332 782,332 780,332 779,332 777,332 771,339 767,341 764,339 752,331 751,331 749,331 747,331 691,337 667,341 661,337 651,329 649,329 647,329 646,329 597,336 576,339 567,336 556,331 554,331 552,331 551,331 539,336 527,339 522,334 517,331 516,331 514,331 286,331 286,376"/>
        <Baseline points="286,376 1130,387"/>
        <TextEquiv>
          <Unicode>vnd als denn der Kranck acht tag nach ein⸗</Unicode>
        </TextEquiv>
      </TextLine>

      
      
      <TextLine id="eSc_line_32496351" >
        <Coords points="284,432 283,444 298,452 299,452 301,452 303,452 392,444 407,454 409,454 411,454 412,454 414,454 447,445 526,457 527,457 529,457 566,447 652,459 654,459 742,452 766,460 767,460 769,460 771,460 772,460 772,459 780,452 814,460 815,460 817,460 819,460 820,460 830,450 832,450 875,459 877,459 879,459 880,459 880,457 887,452 889,450 897,452 944,459 945,459 992,454 1005,452 1009,454 1019,462 1019,464 1020,464 1022,464 1024,464 1025,464 1057,454 1062,454 1067,455 1102,464 1104,464 1105,464 1107,464 1129,455 1130,444 1129,402 1082,391 1080,391 929,399 914,399 910,399 874,387 872,387 870,387 869,387 847,397 807,389 805,389 804,389 776,397 771,397 727,397 727,396 717,387 717,386 716,386 714,386 712,386 584,394 576,394 566,386 566,384 564,384 562,384 561,384 559,384 557,384 544,394 542,394 519,382 517,382 516,382 284,389 284,432"/>
        <Baseline points="284,432 1130,444"/>
        <TextEquiv>
          <Unicode>ander Meß hoͤren / ſich auch an das orth / da</Unicode>
        </TextEquiv>
      </TextLine>

      
      
      <TextLine id="eSc_line_a3512e5d" >
        <Coords points="283,490 281,497 564,510 566,510 1129,507 1130,500 1130,457 1100,445 1099,445 1097,445 1020,454 1004,455 992,454 947,444 945,444 894,450 874,454 869,450 864,445 862,445 860,445 859,445 824,449 802,452 799,449 794,445 794,444 792,444 790,444 789,444 787,444 785,444 779,449 772,452 764,449 751,442 749,442 747,442 746,442 734,447 724,452 567,452 551,442 546,441 544,441 542,441 522,442 466,449 436,441 424,437 422,437 421,437 399,439 334,447 283,437 283,490"/>
        <Baseline points="283,490 1130,500"/>
        <TextEquiv>
          <Unicode>das Euangelium verleſen wirdt / ſtellen. V⸗</Unicode>
        </TextEquiv>
      </TextLine>

      
      
      <TextLine id="eSc_line_d6ea1d26" >
        <Coords points="281,547 279,564 442,559 456,565 459,567 461,567 462,567 464,567 466,567 467,565 476,559 514,565 537,569 539,569 567,565 601,560 609,565 614,569 616,569 617,569 619,569 782,564 864,562 880,564 949,572 950,572 1065,564 1097,572 1099,572 1100,572 1102,572 1127,562 1129,554 1129,512 1097,502 1095,502 1094,502 825,505 677,507 672,502 669,500 669,499 667,499 666,499 664,499 662,499 654,502 641,507 566,500 541,499 539,499 531,500 494,507 472,499 469,497 467,497 466,497 444,499 336,505 281,495 281,547"/>
        <Baseline points="281,547 1129,554"/>
        <TextEquiv>
          <Unicode>ber das / in allerley ſpeiß vnd tranck / Weih⸗</Unicode>
        </TextEquiv>
      </TextLine>

      
      
      <TextLine id="eSc_line_d13e6b36" >
        <Coords points="281,604 279,617 374,622 376,622 396,619 421,614 446,619 474,624 476,624 477,624 487,619 492,615 494,619 499,622 499,624 501,624 502,624 597,625 599,625 652,619 676,617 696,619 747,627 749,627 884,620 892,620 902,629 904,629 905,629 907,629 1064,622 1075,630 1077,630 1079,630 1080,630 1125,620 1127,614 1122,559 1082,570 1050,570 1040,560 1040,559 1039,559 1037,559 1035,559 1030,559 930,565 919,559 917,557 915,557 914,557 912,557 899,559 845,567 825,559 817,555 815,555 814,555 789,559 742,565 719,559 701,554 699,554 697,554 696,554 682,559 669,565 579,565 571,559 564,554 562,554 561,554 559,554 522,559 501,562 496,559 486,552 484,552 482,552 481,552 442,559 426,562 417,559 392,550 391,550 389,550 281,559 281,604"/>
        <Baseline points="281,604 1127,614"/>
        <TextEquiv>
          <Unicode>waſſer vnd geſegnet Saltz brauchen. Sonßt</Unicode>
        </TextEquiv>
      </TextLine>

      
      
      <TextLine id="eSc_line_05fd270d" >
        <Coords points="281,660 279,675 399,670 456,680 464,680 466,680 472,680 512,672 542,680 549,682 551,682 552,682 566,680 611,673 676,682 696,683 1125,685 1129,672 1129,627 902,627 899,624 889,615 887,615 885,615 884,615 794,622 767,624 741,622 644,612 642,612 641,612 609,620 606,620 589,620 454,610 452,610 451,610 429,619 426,619 281,617 281,660"/>
        <Baseline points="281,660 1129,672"/>
        <TextEquiv>
          <Unicode>etwan ein anders Toͤchterlein / ſo von einem</Unicode>
        </TextEquiv>
      </TextLine>

      
      
      <TextLine id="eSc_line_46c0b775" >
        <Coords points="283,717 281,730 696,730 707,732 744,738 746,738 815,732 832,732 857,733 1004,742 1005,742 1124,733 1125,727 1124,678 283,672 283,717"/>
        <Baseline points="283,717 1125,727"/>
        <TextEquiv>
          <Unicode>Cacademone exagitirt vnnd vmbgetrieben /</Unicode>
        </TextEquiv>
      </TextLine>

      
      
      <TextLine id="eSc_line_e2755d0d" >
        <Coords points="281,772 279,782 659,795 661,795 697,787 701,787 706,787 792,797 794,797 875,788 880,788 890,797 890,798 892,798 894,798 895,798 1002,790 1005,790 1007,790 1062,800 1064,800 1127,790 1129,783 1129,740 281,728 281,772"/>
        <Baseline points="281,772 1129,783"/>
        <TextEquiv>
          <Unicode>ward von ſeinem einblaſen gefreyet vnd er⸗</Unicode>
        </TextEquiv>
      </TextLine>

      
      
      <TextLine id="eSc_line_f97a70f7" >
        <Coords points="1015,783 1014,783 925,793 915,793 912,792 885,782 884,782 882,782 825,790 812,792 797,790 731,780 729,780 727,780 707,788 701,790 674,787 619,780 617,780 616,780 602,785 596,788 586,785 567,777 566,777 561,777 544,777 527,777 506,777 504,777 502,777 501,777 494,783 489,787 368,785 363,780 358,775 358,773 356,773 354,773 353,773 351,773 349,773 341,778 336,782 278,778 278,827 276,842 414,847 416,847 417,847 427,843 444,838 489,843 544,850 546,850 572,843 591,840 596,845 604,852 606,852 607,852 609,852 611,852 636,845 646,842 654,845 671,852 672,852 674,852 676,852 677,852 686,845 691,842 697,845 716,853 717,853 719,853 780,845 797,843 802,845 824,855 825,855 827,855 899,847 910,845 917,847 959,857 960,857 962,857 1014,847 1015,847 1017,847 1037,855 1039,855 1040,855 1074,848 1089,858 1090,858 1092,858 1094,858 1095,858 1125,847 1127,840 1127,798 1060,788 1059,788 1057,788 1040,795 1017,783 1015,783"/>
        <Baseline points="278,827 1127,840"/>
        <TextEquiv>
          <Unicode>lediget / auff ſolche weiß: daß ſie auff einem</Unicode>
        </TextEquiv>
      </TextLine>

      
      
      <TextLine id="eSc_line_62cbd28e" >
        <Coords points="276,885 274,891 339,903 341,903 414,895 444,905 446,905 447,905 669,898 699,908 701,908 702,908 802,900 885,910 887,910 959,901 1049,911 1050,911 1052,911 1054,911 1062,903 1087,911 1089,911 1090,911 1092,911 1124,901 1125,895 1124,850 910,840 909,840 854,847 844,847 840,847 820,838 819,838 817,838 726,845 711,845 706,838 704,838 704,837 702,837 701,837 699,837 276,838 276,885"/>
        <Baseline points="276,885 1125,895"/>
        <TextEquiv>
          <Unicode>weg / ſo eben ferr / doch ſtracks biß gen Mar⸗</Unicode>
        </TextEquiv>
      </TextLine>

      
      
      <TextLine id="eSc_line_5fb9e2eb" >
        <Coords points="274,940 273,953 1112,965 1115,951 1112,898 1024,906 994,896 990,896 989,896 987,896 985,896 984,896 974,905 917,896 909,896 907,896 905,896 904,896 892,905 870,896 864,895 862,895 860,895 859,895 857,895 855,896 845,903 789,896 754,893 752,893 751,893 742,896 731,901 699,896 674,893 672,893 671,893 657,896 639,901 626,896 614,891 612,891 611,891 569,896 537,900 529,896 516,890 514,890 512,890 274,895 274,940"/>
        <Baseline points="274,940 1115,951"/>
        <TextEquiv>
          <Unicode>godurum ſich erſtrecket / faſt alle ſchritt auff</Unicode>
        </TextEquiv>
      </TextLine>

      
      
      <TextLine id="eSc_line_24e83a3f" >
        <Coords points="273,998 271,1011 358,1006 368,1015 369,1015 371,1015 373,1015 381,1015 421,1008 441,1015 449,1016 451,1016 452,1016 467,1015 501,1008 509,1015 512,1018 514,1018 516,1018 517,1018 519,1018 532,1015 551,1010 582,1015 609,1018 611,1018 612,1018 622,1015 634,1010 647,1015 661,1020 662,1020 664,1020 709,1015 741,1011 776,1015 837,1021 839,1021 840,1021 855,1015 862,1013 895,1015 1022,1025 1024,1025 1122,1015 1124,1010 1124,965 920,955 919,955 917,955 895,961 887,963 879,961 852,953 850,953 849,953 780,960 761,961 754,960 729,951 727,951 726,951 657,958 639,960 627,958 584,950 582,950 529,956 517,958 512,956 491,948 489,948 487,948 421,955 396,946 394,946 392,946 273,953 273,998"/>
        <Baseline points="273,998 1124,1010"/>
        <TextEquiv>
          <Unicode>jre knie niderfiele / vnnd nicht vmb ein haar</Unicode>
        </TextEquiv>
      </TextLine>

      
      
      <TextLine id="eSc_line_0e9609b6" >
        <Coords points="271,1053 269,1060 432,1073 434,1073 436,1073 462,1066 467,1065 471,1066 489,1075 491,1075 492,1075 701,1073 819,1071 824,1076 827,1078 827,1080 829,1080 830,1080 832,1080 854,1076 879,1073 907,1078 927,1081 929,1081 949,1080 992,1073 1005,1081 1009,1083 1010,1083 1012,1083 1014,1083 1024,1081 1055,1075 1115,1083 1119,1066 1117,1018 271,1008 271,1053"/>
        <Baseline points="271,1053 1119,1066"/>
        <TextEquiv>
          <Unicode>von der rechten landtſtraß abtrette / ob gleich</Unicode>
        </TextEquiv>
      </TextLine>

      
      
      <TextLine id="eSc_line_65a91c85" >
        <Coords points="269,1109 268,1121 402,1121 422,1124 456,1131 457,1131 492,1124 506,1123 519,1124 554,1133 556,1133 636,1126 659,1124 691,1126 839,1136 840,1136 999,1129 1040,1138 1042,1138 1122,1128 1124,1119 1124,1073 269,1066 269,1109"/>
        <Baseline points="269,1109 1124,1119"/>
        <TextEquiv>
          <Unicode>wol etwan ein gruben / waſſer / leim / koth o⸗</Unicode>
        </TextEquiv>
      </TextLine>

      
      
      <TextLine id="eSc_line_ef298021" >
        <Coords points="269,1164 268,1179 369,1174 459,1183 489,1184 491,1184 492,1184 497,1183 512,1176 539,1183 557,1186 559,1186 671,1183 736,1181 752,1183 795,1189 797,1189 855,1183 875,1181 880,1183 890,1191 892,1191 894,1191 895,1191 1122,1183 1124,1176 1124,1134 1102,1124 1100,1124 1099,1124 1007,1131 1002,1124 1000,1124 1000,1123 999,1123 997,1123 995,1123 910,1131 904,1131 895,1131 807,1121 805,1121 764,1129 759,1129 687,1129 687,1128 679,1121 679,1119 677,1119 676,1119 674,1119 542,1126 526,1126 524,1126 516,1118 516,1116 514,1116 512,1116 511,1116 467,1124 466,1124 464,1124 404,1116 402,1116 269,1121 269,1164"/>
        <Baseline points="269,1164 1124,1176"/>
        <TextEquiv>
          <Unicode>der anders ſie antreffen wuͤrde: aber ſo bald</Unicode>
        </TextEquiv>
      </TextLine>

      
      
      <TextLine id="eSc_line_90e84da3" >
        <Coords points="269,1221 268,1228 802,1246 804,1246 1120,1241 1122,1234 1120,1184 736,1184 721,1179 692,1173 691,1173 689,1173 629,1179 604,1181 597,1178 582,1171 581,1171 476,1169 474,1169 396,1176 379,1178 376,1176 366,1168 364,1168 363,1168 361,1168 269,1174 269,1221"/>
        <Baseline points="269,1221 1122,1234"/>
        <TextEquiv>
          <Unicode>vnnd auff S. Annē Altar / dahin denn viel</Unicode>
        </TextEquiv>
      </TextLine>

      
      
      <TextLine id="eSc_line_158d6af2" >
        <Coords points="271,1279 269,1286 389,1299 391,1299 477,1291 597,1303 599,1303 601,1303 602,1303 612,1294 741,1304 742,1304 744,1304 777,1296 817,1306 819,1306 820,1306 885,1298 907,1308 909,1308 1012,1309 1014,1309 1117,1299 1119,1293 1115,1241 1059,1246 982,1238 952,1234 950,1234 949,1234 939,1236 905,1244 837,1234 822,1233 820,1233 819,1233 817,1233 815,1234 800,1243 772,1233 767,1231 766,1231 764,1231 762,1231 761,1231 761,1233 759,1233 751,1241 712,1233 711,1233 709,1233 707,1233 694,1241 669,1231 666,1229 664,1229 662,1229 656,1231 617,1239 592,1229 589,1228 587,1228 586,1228 577,1229 524,1238 407,1226 406,1226 354,1234 341,1224 339,1224 338,1224 271,1223 271,1279"/>
        <Baseline points="271,1279 1119,1293"/>
        <TextEquiv>
          <Unicode>Wallfahrten allenthalbenn her geſchehen /</Unicode>
        </TextEquiv>
      </TextLine>

      
      
      <TextLine id="eSc_line_10d5737d" >
        <Coords points="872,1289 814,1294 769,1298 751,1293 736,1288 734,1288 732,1288 699,1291 656,1296 642,1289 634,1286 632,1286 631,1286 592,1288 516,1294 506,1286 504,1284 502,1284 501,1284 499,1284 477,1286 394,1293 388,1284 386,1284 386,1283 384,1283 383,1283 381,1283 376,1283 343,1289 268,1281 268,1336 266,1351 344,1346 356,1354 358,1354 359,1354 446,1356 447,1356 452,1356 501,1347 541,1357 544,1357 546,1357 547,1357 556,1357 616,1349 629,1357 629,1359 631,1359 632,1359 634,1361 736,1361 736,1359 737,1359 739,1359 749,1351 762,1359 762,1361 764,1361 766,1361 767,1361 817,1361 1089,1356 1115,1364 1120,1347 1120,1303 920,1301 905,1296 874,1289 872,1289"/>
        <Baseline points="268,1336 1120,1347"/>
        <TextEquiv>
          <Unicode>Meß gehalten / verhieß jren der Demon / es</Unicode>
        </TextEquiv>
      </TextLine>

      
      
      <TextLine id="eSc_line_0c6c6b91" >
        <Coords points="264,1391 263,1402 414,1402 426,1406 452,1412 454,1412 456,1412 519,1406 546,1404 576,1407 656,1416 657,1416 732,1409 737,1409 742,1409 852,1419 854,1419 917,1411 922,1411 927,1411 975,1421 977,1421 1022,1412 1024,1412 1055,1422 1057,1422 1059,1422 1117,1412 1119,1406 1119,1361 1105,1352 1104,1352 1102,1352 1100,1352 1027,1359 1022,1352 1020,1352 1020,1351 1019,1351 1017,1351 264,1346 264,1391"/>
        <Baseline points="264,1391 1119,1406"/>
        <TextEquiv>
          <Unicode>wůede ſich jrer entledigung etwas zeichen ſe</Unicode>
        </TextEquiv>
      </TextLine>

      
      
      <TextLine id="eSc_line_e109019a" >
        <Coords points="975,1404 974,1404 972,1404 970,1404 949,1412 927,1402 917,1402 902,1412 895,1416 864,1416 857,1411 849,1402 847,1402 845,1402 844,1402 842,1402 825,1409 817,1412 790,1407 762,1404 761,1404 737,1406 701,1411 666,1404 629,1397 627,1397 604,1402 576,1409 554,1401 541,1396 539,1396 537,1396 509,1399 456,1407 442,1397 439,1394 437,1394 436,1394 431,1394 414,1394 397,1394 388,1394 386,1394 384,1394 383,1394 383,1396 373,1404 363,1394 361,1394 361,1392 351,1392 348,1394 314,1404 264,1392 264,1446 263,1452 346,1454 359,1466 361,1466 363,1466 364,1466 509,1459 736,1472 737,1472 879,1466 897,1474 899,1474 900,1474 1067,1469 1092,1477 1094,1477 1095,1477 1097,1477 1099,1477 1112,1467 1114,1461 1114,1419 1024,1406 1022,1406 987,1412 977,1404 975,1404"/>
        <Baseline points="264,1446 1114,1461"/>
        <TextEquiv>
          <Unicode>hen laſſen. Derohalben ſagt der Pfaff / er</Unicode>
        </TextEquiv>
      </TextLine>

      
      
      <TextLine id="eSc_line_187c4d35" >
        <Coords points="1035,1461 1034,1461 1032,1461 974,1467 957,1469 955,1467 950,1461 949,1461 949,1459 947,1459 945,1459 944,1459 834,1466 779,1467 757,1464 724,1457 722,1457 697,1462 682,1466 676,1462 669,1457 667,1457 666,1457 664,1457 589,1461 512,1464 494,1459 482,1456 481,1456 264,1456 264,1507 263,1522 323,1516 368,1526 373,1526 374,1526 376,1526 378,1526 392,1516 424,1526 432,1527 434,1527 436,1527 437,1527 439,1527 441,1526 452,1517 469,1526 474,1527 476,1527 477,1527 479,1527 484,1526 502,1517 537,1517 546,1526 547,1526 547,1527 549,1527 551,1527 552,1527 562,1526 602,1517 619,1526 626,1529 627,1529 629,1529 631,1529 637,1526 656,1519 684,1526 694,1529 696,1529 697,1529 711,1527 746,1519 782,1527 802,1531 804,1531 805,1531 817,1527 835,1521 860,1527 874,1531 875,1531 877,1531 1115,1527 1117,1516 1117,1471 1047,1471 1045,1469 1037,1461 1035,1461"/>
        <Baseline points="264,1507 1117,1516"/>
        <TextEquiv>
          <Unicode>hette zwiſchen der Meß einen weiſſen ſchat⸗</Unicode>
        </TextEquiv>
      </TextLine>

      
      
      <TextLine id="eSc_line_581fa4e8" >
        <Coords points="1110,1529 990,1517 989,1517 900,1527 892,1527 890,1527 870,1516 869,1516 867,1516 865,1516 827,1526 825,1526 815,1526 667,1517 666,1517 639,1524 634,1524 632,1524 612,1512 611,1512 609,1512 532,1521 499,1512 497,1512 496,1512 432,1519 424,1512 424,1511 422,1511 421,1511 419,1511 261,1517 261,1559 259,1569 629,1584 631,1584 712,1577 746,1585 747,1585 749,1585 1112,1580 1114,1570 1112,1551 1110,1529"/>
        <Baseline points="261,1559 1114,1570"/>
        <TextEquiv>
          <Unicode>ten geſehen / welchen denn auch das Magd⸗</Unicode>
        </TextEquiv>
      </TextLine>

      
      
      <TextLine id="eSc_line_404733b9" >
        <Coords points="1102,1580 1090,1577 1089,1577 1087,1577 1085,1577 1084,1577 1074,1584 1070,1587 984,1587 974,1580 964,1577 962,1577 960,1577 944,1580 922,1585 902,1579 885,1574 884,1574 882,1574 794,1577 662,1580 644,1572 636,1569 634,1569 581,1569 579,1569 577,1569 576,1569 574,1570 562,1579 519,1569 509,1567 507,1567 492,1569 419,1575 396,1565 394,1565 392,1565 389,1565 333,1572 311,1564 309,1564 308,1564 306,1564 304,1564 291,1572 263,1562 261,1615 261,1649 279,1644 299,1650 353,1667 354,1667 356,1667 358,1667 373,1659 379,1665 379,1667 381,1667 383,1667 384,1667 472,1665 474,1665 502,1654 504,1652 506,1654 526,1665 527,1665 529,1665 682,1672 684,1672 686,1672 687,1672 712,1657 724,1650 737,1657 766,1670 767,1670 769,1670 771,1670 812,1659 817,1657 822,1659 844,1667 845,1667 847,1667 849,1667 869,1659 897,1649 1090,1650 1104,1662 1110,1630 1110,1592 1102,1580"/>
        <Baseline points="261,1615 1110,1630"/>
        <TextEquiv>
          <Unicode>ſein / alo eo fůrgab / alo ein gewiſſe anzeigung</Unicode>
        </TextEquiv>
      </TextLine>

      
      
      <TextLine id="eSc_line_7203e8c4" >
        <Coords points="1097,1642 1047,1642 1042,1640 1014,1629 1012,1629 1010,1629 1009,1629 979,1639 982,1690 984,1717 1022,1705 1042,1715 1044,1715 1045,1715 1105,1714 1105,1685 1104,1684 1097,1642"/>
        <Baseline points="982,1690 1105,1685"/>
        <TextEquiv>
          <Unicode>ſeing</Unicode>
        </TextEquiv>
      </TextLine>

      
    </TextRegion>
    

    
  </Page>
</PcGts>
