1204 1997
289 168 344 204 t b
456 146 987 211 Von verblendung der
283 193 1120 259 liſt man / der Teuffel verbringe dieſe boͤſen
284 251 1119 317 ſtuͤck alle fuͤr ſich ſelbs / bedoͤrffe auch darzů
283 312 1119 372 feines mitſtimmens / aber dieweil er der He⸗
281 364 1117 437 ren verderbē ſůche / zwinge er ſie auch etlicher
279 419 1119 484 maß / jme zů mitarbeiten. Vnd wie Grego⸗
279 482 1119 542 rius koͤmlich anzeigt / bedarff er nit mehꝛ / die⸗
279 530 1119 595 weil ſein will alzeit boͤß iſt / dann daß jhm
278 587 1119 654 denſelbigen außzůſtoſſen vnnd in das werck
279 642 1120 708 zůbringen geſtattet werde . Hiezwiſchen
278 700 1115 773 aber ſind die dorechtigen Vettlen gentzlich
276 755 1119 827 bereit / ſie verbringen ſolche ding / ſie peini⸗
279 808 1122 885 gen die Menſchen an jhrem leib / ſie ſtanden
276 865 1117 936 jhnen fuͤr das liecht / alſo daß ſie inn euſſerli⸗
273 923 1114 991 chen dingen keinen faal noch gluͤck haben /
274 978 1114 1050 ſo es doch wie genůgſam dargethon vnnd
274 1041 1119 1100 beybracht / alles des Teuffelswerck iſt. Dañ
273 1093 1114 1159 es ſind je die elenden arbeitſeligen Weiber /
273 1154 1117 1218 die man gemeinlich / mitt meniglichem er⸗
274 1203 1117 1273 ſchrockenlichen nammen Hexen oder Vn⸗
274 1259 1110 1324 holden nennet / dermaſſen verſtrickt / jhr
274 1316 1115 1381 gemuͤt verblendt / jr hirne / welches dann al⸗
271 1371 1112 1436 ler ſinnen vnnd gedancken ein officin vnnd
271 1426 1115 1492 werckſtatt iſt / mit ſo ſeltzammen / betruͤgli⸗
273 1489 1114 1547 chen vorſchwebenden Phantaſmaten vnnd
274 1542 1117 1604 einbildungen verwirꝛet vnnd darinn geſter⸗
274 1597 1114 1677 rket (wie es dann auch als vorhin angezeigt
1029 1660 1112 1725 den
