1180 1997
76 106 890 178 boͤſen Geiſter / Das llll. Buch. ah
43 163 882 236 ſeiner erledigung erblicket hatt. Schaw zu /
43 222 887 286 ſchaw zu / was trugs braucht doch der Teuf⸗
44 277 887 342 fel / darmit er die abgoͤttexey in der Menſchē
41 334 878 406 hertzen befeſtige? Es mag auch kommlich
41 389 885 462 in dieſes Regiſter verzeichnet vnnd auffge⸗
39 444 887 517 ſchrieben werden / die Cur / deren ſich vn⸗
34 509 888 569 langeſt ein Chirurgus / an einem / ſo an dem
36 557 887 625 Feber faſt auff dem ſchragen lag / gebrauchs
38 617 888 687 hatt / wie wir denn / als ich nachmals zu ſol⸗
36 672 885 735 chem krancken beruffet ward / glaubwirdig⸗
34 727 885 800 lichen angezeigt worden iſt. Er gabe jhm
36 783 887 855 drey ſtuͤcklein von einem Wuͤrtzelein / in de⸗
34 842 883 903 ren ein jedes erb eiſſen ſolte / vnd zu dem er⸗
38 896 888 970 ſten ſprechen: Wolte Gott daß Chriſtus
34 953 887 1023 nie geboren were: Zu dem andern: Wolte
38 1006 890 1078 Gott daß er nicht geſtorben were: Zu dem
34 1065 887 1133 dritten: Wolte Gott daß er nicht wider
34 1121 887 1193 aufferſtanden were. Damach hencket er
38 1178 885 1246 jme ſie an den hals / vnd ſo ſie verloren wuͤr⸗
34 1233 880 1306 den / hieß er jhn gutes muts vnnd hoffnung
38 1293 888 1364 ſein / denn wer ſie auff heben / wuͤrde hiemit
39 1349 883 1421 auch das kalte wehe daruon bringen. Je⸗
69 1404 852 1477 doch ſo iſt dieſer Kranck hinden naher
139 1459 783 1542 darauff gegangen / als mich be⸗
264 1519 669 1597 dimcket empyemate.
565 1642 620 1729 3
768 1619 882 1712 Daj
