1164 1997
288 106 364 169 e52
451 99 980 166 Von verblendnug der
294 211 1124 267 weiß noch maß kranckheiten heilen / denn ſo
371 159 1127 224 Daß die boͤſen Geiſter auff keine andere
288 256 1127 319 ſie von dem verletzen vnd ſchedigen / dgran ſie
289 304 744 376 ſchuld tragen / abſtehen.
509 352 879 422 Das Xi l. Capitel.
378 426 1124 492 . Enn nun jemandts hie einen eintrag
392 484 1125 557 Ithun / vnd entgegen werffen wuͤrde /
414 537 1127 615 iſt es nun wie du von der ſach ſageſt /
284 592 1127 672 wie kompt es denn / daß ſolche Magiſchen
284 654 1129 730 heilungen vnd artzneyen mehrs theils ſo fle⸗
284 707 1130 790 tig vnd gluͤcklich von ſtatt abgehen? Dar⸗
284 762 1130 845 auff gb ich den beſcheid / ſo ich iu S. Bar⸗
281 818 1127 896 tholomei leben geleſen hab / der Teuffel habe
283 877 1127 955 wol kranckheiten gcheilet / habe aber ſolchs
284 935 1124 1011 nicht mit heilen / ſonder mit abſtehn von der
284 991 1127 1063 verletzung daran er ſchuld trug / zu wegen
288 1046 1125 1121 gebracht: wie denn Abdias der Biſchoff zu
284 1103 1130 1178 Babylonien / im achten Buch Certami⸗
283 1159 1127 1234 num Apoſtol. daruon ſchreibt mit dieſen
281 1214 1129 1286 worten. In dem Goͤtzen Aſtaroth / bey den
291 1271 1127 1352 Indiern / war ein Teuffel / weicher / als ober
281 1328 1125 1404 die krancken geſund / die blinden (ja die er ver
281 1387 1129 1457 letzet hatt) ſehen machen kundte / ſich hoͤren
281 1437 1127 1511 lieſſe. Denn es waren dieſelbigen Voͤlcker
281 1496 1125 1572 ohne rechtgeſchaffne erkanntniß des waren /
281 1552 1125 1644 lebendigen Gottes / vnd ware derhalbē nicht
920 1607 1119 1695 muͤglich /
