1180 1997
99 99 892 173 boͤſen Geiſter / Das IIII. Buch. 255
41 153 888 234 nicht zuwiſſen verkuͤndigen / deßgleichen laſ⸗
46 211 892 291 ſen ſie ſich auch in der eur vnd heilung etli⸗
43 269 890 344 cher krankeiten gantz willig finden. Welches
41 324 892 399 aber der geſtalt zugeht / zu dem erſten letzen
49 382 890 462 ſie ſelbs vnd machen kranck den Meuſchen /
43 439 890 507 als denn ſchreiben ſie ihme fuͤr artzneye / ſo
44 502 895 567 aber gantz new / vnerhoͤrt / wunderbarlich / ſa
44 552 890 629 vnterweilen auch der kranckheiten ſtracks /
46 609 888 678 wie das waſſer dem feuwer zuwider. Nach
46 665 892 742 dem ſie nun nachlaſſen den Menſchen zu⸗
49 720 895 795 peinigen / vermeinet vnd iſt man beredt / ſie
49 775 895 850 haben die kranckheit / ſo anderſt wo her ent⸗
53 830 897 911 ſtanden / hingenomen vnd geheilet .Ich wil
51 888 893 958 noch herzu ſetzen / was auff ſolche meinung
51 945 900 1013 Tatianus ein Aſſyrier wider die Griechen
53 1000 900 1073 ſchreibet. Kein affeet / ſpꝛicht er / vnd anligen
53 1060 897 1136 wird von eines anderen dings heimliche diſ⸗
56 1111 900 1189 ſenſion vnnd vneinigkeit wegen hingenom⸗
53 1168 902 1239 men / es wirdt auch kein krancker durch A⸗
54 1223 903 1304 muleta / das iſt / angehenckete gegengifft / jm⸗
54 1279 902 1359 mer mehr geheilet. Das ſind des Teuffels
59 1339 903 1416 griffe auff der Lauten / vnnd welcher kranck
58 1401 905 1474 iſt / bulet / haſſet / rachgirig iſt / der nimpt jme
59 1449 907 1531 ſolche zu gehuͤlffen. Es brauchen aber die
59 1507 908 1587 Teuffel eine ſolche kunſt. Gleich wie die fi⸗
64 1564 910 1662 guren der buſtaben / vnd die Verß ſo daraus
733 1617 908 1700 beſchris⸗
