1180 1997
73 98 888 188 boͤſen Geiſter / DasllIl. Buch. 250
43 159 887 246 Chriſtenlichen gemein außgeſchloſſen wer⸗
41 218 885 304 den. Gleicher meinung iſt er auch eben / inn
41 276 882 364 den Buͤchern von der Statt Gottes / da er
38 327 882 422 denn vnter anderem ſchreibet / es ſeie ſolche
39 386 882 474 Cur der Zauberer / mehr ein Tod denn ein
38 442 883 534 Leben zůnennen. Es dienete auch gar wol
38 500 880 589 zů ſollicher Magiſcher Cur / vollkommener
33 555 880 642 erkañdtnuß / das / ſo auch hieuon Sabellicus
33 614 880 697 in ſeiner anderen Enneade / in dem neundten
38 668 880 760 Buch ſchreibet. Alſo / ſpricht er / iſt geweſen
33 718 882 808 vor zeiten zů Rom der Circeniſthen ſchaw⸗
38 778 882 873 ſpielen pomp / herrligkeit vnd pracht / welche
33 833 877 926 denn dazůmal inſtauriert / vnd von neuwem
28 898 877 976 angerichtet worden / auß vrſach / daß etwan
29 946 873 1030 einer auß dem gemeinen poͤffel / T. Catinus /
29 1003 878 1095 oder wie die anderen woͤllen / Tyberius Ati⸗
29 1060 878 1148 nius / von dem Gott Jupiter were gewar⸗
28 1114 877 1208 net worden / das er den Burgermeiſtern inn
29 1174 875 1264 ſeiuem nammen anzeigte / es hette jhm der
33 1228 877 1323 Vortantzer inn dem nechſten Circeniſchen
31 1284 877 1377 ſpiel eben nichts gefallen / derhalben jnen ein
31 1344 875 1434 groſſe gefahr vor der thuͤr ſeie / es ſeie denn
29 1399 877 1486 ſach daß die ſach verbeſſert / vnd auff ein feu⸗
28 1457 873 1546 werneuwes das Spiel gehalten werde. Als
28 1507 873 1597 er aber ſolchs Gebott deß Jupiters nicht er⸗
33 1562 875 1674 ſtattet/ ſonder ſich beſorget / wenn er ſolches
758 1644 873 1735 nicht
