1169 1997
273 133 974 209 20 Von verblendung der
274 183 1122 266 nicht gnugſam beweiſen vnnd war machen
276 237 1119 316 koͤndte / daß es alsdenn den ſLeuten inn das
276 291 1120 374 Maul kaͤme / vnnd mennigklichen zů einem
281 342 1117 442 geſpoͤtt wuͤrde: Alſo hatt es ſich begeben /
276 402 1125 490 daß er nach wenig tagen als jhm das Bildt
278 457 1127 549 vorgeſchweben / ſeinen Son / on ſonderbare
281 517 1125 605 vorgehende kranckheit verloren hatt. Vnd
283 572 1130 660 als er nachmals widerumb in dem traum
288 625 1129 722 gefragt ward / ob jhn auch beduncket daß er
284 682 1130 772 von wegen / das er Gott verachtet / gnugſa⸗
284 738 1130 832 me ſtraffe erlitten hette ? Aber nichts deſter
284 797 1130 883 minder die ſach bey jm behielt / vnd niemand
289 850 1134 936 offenbaret / iſt er eines mals inn ein ſchwere
288 906 1132 1000 kranckheit gefallen. Da hatt er erſt ſeiner
289 960 1132 1060 Freunden rahts ſich in der ſach gebrauchet /
289 1020 1137 1113 vnnd auff denſelben hin zů dem erſten an
289 1075 1135 1164 Marckt fuͤr die Buͤrgermeiſter / bald auß ih⸗
289 1131 1137 1218 rem befelch auff das Rahthauß fuͤr ein Er⸗
289 1189 1135 1276 Lamen Raht getragen worden / da er denn
289 1249 1139 1331 das jenig / ſo er im traum anzůzeigen war ge⸗
291 1299 1142 1397 heiſſen / erzellet hatt. Da ſahen ſie nun ein
296 1359 1140 1454 groſſes merckliches wunderzeichē fuͤrgegan⸗
294 1411 1137 1507 gen ſein / denn er / ſo baldt er das außgeredt /
293 1469 1140 1559 auff ſeine fuͤß auffgeſtanden / vnd friſch vn⸗
298 1524 1144 1620 geſund zů hauſe gangen ſey. Aber es iſt ein
298 1580 1145 1700 leibhafftiger boͤſer Teuffel hinder der Larué
927 1639 1139 1747 geſtanden
