1206 1997
121 126 914 194 boͤſen Geiſter / Das III. Bůch.
66 183 909 249 den Melancholicis vnnd ſo in einem ſchwe⸗
64 241 909 311 ren dieffen ſchlaff ligen widerfahret) daß ſie
68 296 912 364 anderſt nicht wiſſen / auch ſo man ſie dem
73 354 912 424 Volterer 	uͤbergibt / gutrund bekennen / es
69 411 911 480 ſeyen jhre begangnen uͤbelthaten / die aber
66 465 909 540 nicht mehr dann jr phantaſey / warlich aber /
68 520 911 587 auß Gottes billicher verhengnis des Teuf⸗
68 579 914 642 fels werck ſind. Alſo geben ſie vnderwei⸗
66 642 909 708 len wann ſie peinlich befragt / ein gantz lang
68 693 909 760 Regiſter an / vieler arbeitſeligen Leuten /
68 747 909 823 deren ſie etlich blind gemacht / etlich gelemt /
68 803 916 877 etliche auff dieſe oder jhene weiß außgemer⸗
71 858 917 925 gelt / haben. Derhalben / dieweil es nicht
68 915 917 990 mehr allesſammen iſt / dañ ein falſcher wohn
69 971 919 1050 vnnd betrug des Sathans / moͤgen ſie billi⸗
69 1028 917 1101 cher verzauberte Weiber / dann Zauberwei⸗
69 1091 917 1159 ber genannt werden. Derhalben damitt die
71 1139 916 1209 ſach an ein ort geſetzt werde / Bin ich gentz⸗
71 1196 921 1273 lich der meinung / auch erbuͤttig dieſelbigen
73 1253 919 1324 nach beſtem vermoͤgen mitt der warheit zů
73 1309 922 1377 erhalten / Daß alle wunderbaren / vnnatuͤr⸗
73 1371 917 1434 lichen kranckheiten vñ gepꝛeſten / am gemuͤt /
74 1429 919 1492 leib vnnd gut am menſchen vnnd viech ſich
76 1479 922 1547 vnderweilen erzeiget / allein des Teuffels
76 1539 922 1602 vnnd keines mittarbeittenden Menſchens
78 1590 924 1677 werck ſeiend. Wil aber die kranckheiten vnd
772 1650 919 1745 groſſen
