1167 1997
263 146 361 198 292
437 119 973 189 Von verblendung der
264 166 1105 254 ſich geſellen vnd dergleichen thůn / als ob ſie
266 229 1105 309 etwas ſonderbarer / krefftiger / heilſamer artz⸗
268 282 1105 367 ney / vnd die den Menſchen vnbekannt / den
268 337 1102 419 Krancken anbietten. Denn ſie / wie weitleuf
269 392 1105 480 fig angezeigt / von der peinigung / deren ſie
269 450 1110 532 ſchuͤldig ſind / gern vnnd willigklichen abſte⸗
269 507 1108 584 hen / vnnd alſo durch ſolchs wunder / wie es
271 562 1112 647 ſich denn anſehen leſſet / die gemuͤter deren
273 619 1112 700 Menſchen verſtricke / vnnd mit vnglauben
226 677 1110 758 2 vnter ſeine joch bringe / darumb er denn auch
273 737 1113 815 der Geiſt ſo in den Kindern deß vnglaubens
273 788 1115 868 krefftig genannt wirdt. In dieſem aber al⸗
273 842 1112 926 lem iſt es jhme fuͤrnemlich darumb zůthůn /
273 903 1115 978 daß die / welche er verfuͤret vnd betrrugt / jme
274 956 1113 1040 Goͤttliche ehr beweiſen. Es mag auch ſein /
273 1010 1117 1088 daß villeicht Gott der Herr von wegen der
273 1070 1115 1154 Menſchen ſtarcken / verhartetē vnglaubens /
273 1121 1118 1211 mehr theil etliche ding zůlaſſe / aſo / daß ſie
273 1179 1117 1258 mit ſehenden augen nichts ſehen / mit hoͤren⸗
274 1236 1117 1318 den ohren nichts hoͤren / noch verſt anden.
276 1293 1118 1372 Dder aber / gleich wie ron wegen deß gůten
274 1352 1120 1422 vertrauwens vnnd zůverſicht deß Krancken
278 1404 1118 1489 gegen dem Artzet / offt vnd dick / deſſen denn
274 1456 1118 1546 die erfahrnuß ein genugſamer Zeuge iſt / die
273 1517 1120 1600 artzney viel krefftiger / weder aber ſonſt wir⸗
276 1570 1117 1667 cket: als moͤchte gleicher geſtalt gleublich
1013 1632 1113 1715 ſein/
