<?xml version="1.0" encoding="UTF-8"  standalone="yes"?>
<PcGts xmlns="http://schema.primaresearch.org/PAGE/gts/pagecontent/2019-07-15" xmlns:xsi="http://www.w3.org/2001/XMLSchema-instance" xsi:schemaLocation="http://schema.primaresearch.org/PAGE/gts/pagecontent/2019-07-15 http://schema.primaresearch.org/PAGE/gts/pagecontent/2019-07-15/pagecontent.xsd">
  <Metadata externalRef="https://content.staatsbibliothek-berlin.de/dc/813172837-0313/full/full/0/default.jpg">
	<Creator>escriptorium</Creator>
	<Created>2023-03-06T11:57:51.701464+00:00</Created>
        <LastChange>2023-03-06T11:57:51.701480+00:00</LastChange>

  </Metadata>
  <Page imageFilename="312_08bbe_default.jpg" imageWidth="1173" imageHeight="1997">

    
    <TextRegion id="eSc_textblock_6e00f892"  >
      <Coords points="93,106 758,106 911,133 884,1689 519,1689 431,1635 53,1635 33,1615 46,206 93,106"/>
      
      
      <TextLine id="eSc_line_9b650db0" >
        <Coords points="878,126 861,124 844,121 828,118 811,114 794,113 778,109 761,106 754,106 724,114 721,114 714,113 688,106 678,106 661,106 644,106 628,106 611,106 594,106 578,106 561,106 544,106 539,106 534,111 531,114 516,111 489,106 478,106 461,106 444,106 428,106 418,106 401,109 388,113 381,109 373,106 361,106 344,106 328,106 311,106 294,106 278,106 261,106 244,106 243,106 241,108 236,113 219,108 211,106 211,106 194,106 178,106 161,106 144,106 128,106 111,106 96,106 96,156 94,166 899,174 903,159 883,126 878,126"/>
        <Baseline points="96,156 903,159"/>
        <TextEquiv>
          <Unicode>boͤſen Geiſter / Das llll. Buch. 20.</Unicode>
        </TextEquiv>
      </TextLine>

      
      
      <TextLine id="eSc_line_e88d6373" >
        <Coords points="56,183 56,216 56,231 899,227 899,216 899,171 61,171 56,183"/>
        <Baseline points="56,216 899,216"/>
        <TextEquiv>
          <Unicode>ſein / daß von deß glaubens wegen / welcher</Unicode>
        </TextEquiv>
      </TextLine>

      
      
      <TextLine id="eSc_line_d5048484" >
        <Coords points="54,267 53,277 668,287 669,287 893,279 894,272 891,221 839,229 806,221 804,221 803,221 801,221 778,229 699,221 693,221 691,221 686,221 638,229 611,221 604,219 603,219 601,219 599,219 598,219 594,221 584,227 506,221 469,219 468,219 446,222 404,227 346,222 308,219 306,219 54,222 54,267"/>
        <Baseline points="54,267 894,272"/>
        <TextEquiv>
          <Unicode>den worten des beſchwerens / verſegnens /</Unicode>
        </TextEquiv>
      </TextLine>

      
      
      <TextLine id="eSc_line_61c5a973" >
        <Coords points="54,324 53,332 891,336 894,327 893,282 54,279 54,324"/>
        <Baseline points="54,324 894,327"/>
        <TextEquiv>
          <Unicode>verzauberēs / wiewol ſie mehr theils auß der</Unicode>
        </TextEquiv>
      </TextLine>

      
      
      <TextLine id="eSc_line_17706204" >
        <Coords points="53,381 51,394 71,402 73,402 74,402 76,402 108,394 136,402 138,402 139,402 188,394 189,394 233,402 234,404 296,404 296,402 298,402 299,402 299,401 306,394 324,402 326,402 328,402 388,396 401,394 421,396 528,404 529,404 531,404 553,396 556,396 559,396 598,404 599,404 638,396 644,396 659,397 731,404 733,404 734,404 736,404 744,397 746,396 754,397 788,404 789,404 791,404 793,404 803,397 806,396 808,397 821,404 823,404 824,404 896,397 898,384 896,341 844,329 843,329 841,329 811,339 808,341 708,341 703,337 686,329 684,329 683,329 681,329 666,337 661,339 603,336 513,331 511,331 509,331 494,334 474,339 444,334 408,327 406,327 376,332 353,337 339,332 326,327 324,327 231,327 229,327 228,327 226,327 221,331 209,337 183,331 173,327 171,327 169,327 53,327 53,381"/>
        <Baseline points="53,381 898,384"/>
        <TextEquiv>
          <Unicode>heiligen Geſchrifft / gantz vngereimpt geſto⸗</Unicode>
        </TextEquiv>
      </TextLine>

      
      
      <TextLine id="eSc_line_ef17a04b" >
        <Coords points="49,437 48,450 891,447 893,441 893,397 49,394 49,437"/>
        <Baseline points="49,437 893,441"/>
        <TextEquiv>
          <Unicode>len / gegeben wirdt / ſie die wort / auß Gottes</Unicode>
        </TextEquiv>
      </TextLine>

      
      
      <TextLine id="eSc_line_894e4ff5" >
        <Coords points="49,492 48,500 73,510 74,510 76,510 333,504 363,504 369,504 403,512 404,512 459,505 481,504 486,507 494,512 496,512 498,512 499,514 888,514 889,497 888,452 49,445 49,492"/>
        <Baseline points="49,492 889,497"/>
        <TextEquiv>
          <Unicode>verhengknuß etwas krafft / nachtruck / vnnd</Unicode>
        </TextEquiv>
      </TextLine>

      
      
      <TextLine id="eSc_line_d09dcad0" >
        <Coords points="714,497 698,497 681,497 664,497 648,497 631,497 614,497 613,497 611,497 609,497 593,509 591,510 546,510 544,509 533,499 531,499 529,499 528,499 526,499 508,505 499,497 498,497 496,497 494,497 334,509 324,509 323,509 309,497 308,497 306,497 304,497 303,497 286,505 248,497 246,497 244,497 219,509 218,509 208,509 99,497 98,497 48,507 48,552 48,562 59,570 61,570 63,570 64,570 109,562 201,562 211,570 213,570 214,570 216,570 218,570 254,562 296,570 298,570 299,570 326,562 328,562 354,570 356,570 358,570 893,564 893,552 893,510 793,500 791,500 789,500 788,500 778,509 723,497 714,497"/>
        <Baseline points="48,552 893,552"/>
        <TextEquiv>
          <Unicode>wirckung daher empfahen. Welches denn</Unicode>
        </TextEquiv>
      </TextLine>

      
      
      <TextLine id="eSc_line_35e540d6" >
        <Coords points="48,609 48,617 124,627 126,627 229,619 276,627 278,627 279,627 281,627 293,619 303,627 304,627 306,627 308,627 309,627 343,619 789,627 791,627 889,617 889,609 889,565 48,560 48,609"/>
        <Baseline points="48,609 889,609"/>
        <TextEquiv>
          <Unicode>auch dem Galeno nicht iſt verborgen gewe⸗</Unicode>
        </TextEquiv>
      </TextLine>

      
      
      <TextLine id="eSc_line_1104b164" >
        <Coords points="48,665 48,678 888,678 889,662 884,610 46,619 48,665"/>
        <Baseline points="48,665 889,662"/>
        <TextEquiv>
          <Unicode>ſen / dieweil er ſpricht / das / in welchem aller⸗</Unicode>
        </TextEquiv>
      </TextLine>

      
      
      <TextLine id="eSc_line_af1e71e8" >
        <Coords points="44,717 43,723 96,735 98,735 884,728 886,720 884,670 44,672 44,717"/>
        <Baseline points="44,717 886,720"/>
        <TextEquiv>
          <Unicode>meiſt jhr zůuerſicht / hoffnung vnd vertrau⸗</Unicode>
        </TextEquiv>
      </TextLine>

      
      
      <TextLine id="eSc_line_7bf1a0c0" >
        <Coords points="44,773 43,783 393,790 394,790 438,783 453,782 466,783 521,792 523,792 524,792 526,792 526,790 534,783 604,783 608,783 656,792 658,792 703,783 713,792 714,792 716,792 718,792 769,783 791,792 793,792 794,792 884,782 886,777 883,725 44,727 44,773"/>
        <Baseline points="44,773 886,777"/>
        <TextEquiv>
          <Unicode>wen ſetzen / der iſts / durch welchen auch am</Unicode>
        </TextEquiv>
      </TextLine>

      
      
      <TextLine id="eSc_line_be92e53f" >
        <Coords points="779,777 778,777 776,777 759,777 743,777 726,777 709,777 693,777 679,777 678,777 676,777 656,782 639,787 634,782 629,778 629,777 628,777 626,777 609,777 593,777 583,777 581,777 579,777 578,777 571,782 566,787 561,782 556,778 554,778 553,778 551,778 549,778 548,778 544,782 538,788 466,788 453,783 433,775 431,775 429,775 379,783 364,785 361,783 351,775 349,775 348,775 346,775 284,783 268,785 263,783 241,775 239,775 238,775 236,775 201,783 194,785 188,783 168,777 166,777 164,777 43,783 43,828 41,843 181,838 193,845 194,847 196,847 198,847 199,848 359,848 359,847 361,847 371,843 388,838 403,843 416,847 418,847 419,847 421,847 434,843 449,838 471,842 501,848 503,850 634,850 634,848 636,848 656,842 659,840 669,842 723,848 724,848 726,848 743,840 744,840 884,840 886,832 883,782 791,787 784,782 781,778 781,777 779,777"/>
        <Baseline points="43,828 886,832"/>
        <TextEquiv>
          <Unicode>aller meiſten geholffen / vnd bey dem leben be</Unicode>
        </TextEquiv>
      </TextLine>

      
      
      <TextLine id="eSc_line_df2292ff" >
        <Coords points="606,832 604,832 603,832 563,842 551,845 516,845 511,840 501,832 499,832 498,832 496,832 494,832 464,840 446,843 426,838 394,832 393,832 364,838 338,843 309,837 276,830 274,830 273,830 253,837 233,842 44,833 44,883 43,901 296,903 298,903 299,903 306,901 323,895 344,900 361,905 363,905 364,905 366,905 379,900 393,896 461,900 559,905 561,905 563,905 584,900 593,896 594,900 599,905 601,905 601,906 603,906 604,906 606,906 691,898 703,898 713,898 811,906 813,906 884,896 886,888 886,847 858,833 856,833 854,833 674,843 628,845 623,842 608,832 606,832"/>
        <Baseline points="44,883 886,888"/>
        <TextEquiv>
          <Unicode>halten werden. So viel vermag ein ſtarcke</Unicode>
        </TextEquiv>
      </TextLine>

      
      
      <TextLine id="eSc_line_20a02727" >
        <Coords points="43,940 41,948 108,958 109,958 416,951 468,960 469,960 884,951 886,943 884,901 43,895 43,940"/>
        <Baseline points="43,940 886,943"/>
        <TextEquiv>
          <Unicode>imagination vnnd vorbildung der geſund⸗</Unicode>
        </TextEquiv>
      </TextLine>

      
      
      <TextLine id="eSc_line_7c9056dd" >
        <Coords points="43,998 43,1018 111,1018 111,1016 113,1016 114,1016 114,1015 123,1008 223,1016 254,1018 256,1018 258,1018 259,1018 261,1016 274,1008 286,1016 289,1018 291,1018 293,1018 294,1018 296,1018 298,1018 299,1016 309,1008 319,1016 321,1018 323,1018 324,1018 326,1018 341,1015 374,1008 391,1015 398,1018 399,1018 401,1018 403,1018 416,1015 446,1008 489,1015 516,1018 518,1018 888,1011 888,998 888,956 858,948 856,948 854,948 809,956 798,948 796,948 794,948 793,948 749,956 724,946 723,946 721,946 719,946 696,956 586,946 584,946 533,956 521,946 519,946 518,946 516,946 469,958 384,958 373,948 371,948 369,948 368,948 321,956 299,946 298,946 296,946 129,956 116,946 114,946 113,946 53,946 51,946 49,946 48,946 48,948 43,953 43,998"/>
        <Baseline points="43,998 888,998"/>
        <TextEquiv>
          <Unicode>heit widerbringung. Derhalben Pompo⸗</Unicode>
        </TextEquiv>
      </TextLine>

      
      
      <TextLine id="eSc_line_e2831663" >
        <Coords points="41,1056 41,1065 883,1066 886,1053 883,1008 119,1005 118,1005 39,1013 41,1056"/>
        <Baseline points="41,1056 886,1053"/>
        <TextEquiv>
          <Unicode>natius gůt rund bekennet / wenn die Kran⸗</Unicode>
        </TextEquiv>
      </TextLine>

      
      
      <TextLine id="eSc_line_e0c3343e" >
        <Coords points="433,1056 431,1056 429,1056 419,1065 376,1056 374,1056 373,1056 371,1056 371,1058 361,1066 278,1058 276,1058 201,1066 194,1066 193,1066 166,1056 164,1056 163,1056 39,1065 39,1109 38,1119 164,1128 166,1128 168,1128 169,1128 169,1126 176,1119 178,1119 323,1119 324,1119 331,1126 331,1128 333,1128 334,1128 336,1129 398,1129 398,1128 431,1119 436,1119 439,1119 459,1129 461,1129 463,1129 638,1121 656,1129 658,1129 659,1129 699,1121 709,1129 711,1129 713,1129 714,1129 778,1121 836,1129 838,1129 883,1119 884,1113 883,1070 723,1058 721,1058 719,1058 718,1058 701,1068 698,1068 633,1060 631,1060 629,1060 628,1060 618,1066 608,1058 606,1058 604,1058 603,1058 546,1068 541,1068 539,1068 526,1058 524,1058 523,1058 434,1056 433,1056"/>
        <Baseline points="39,1109 884,1113"/>
        <TextEquiv>
          <Unicode>cken / ſo von dem Heiligthumb / das iſt / von</Unicode>
        </TextEquiv>
      </TextLine>

      
      
      <TextLine id="eSc_line_66b9633f" >
        <Coords points="39,1173 81,1184 83,1184 84,1184 274,1176 316,1184 318,1184 319,1184 338,1176 368,1184 369,1184 371,1184 521,1178 529,1184 529,1186 531,1186 533,1186 534,1186 588,1178 611,1186 613,1186 614,1186 879,1178 881,1168 881,1124 849,1114 848,1114 846,1114 739,1121 714,1123 703,1121 671,1114 669,1114 668,1114 649,1119 641,1123 634,1119 623,1114 621,1114 619,1114 618,1114 616,1114 611,1119 606,1124 509,1124 481,1118 454,1113 453,1113 451,1113 434,1116 414,1121 268,1114 228,1113 226,1113 224,1113 223,1113 211,1123 86,1123 43,1111 41,1164 39,1173"/>
        <Baseline points="41,1164 881,1168"/>
        <TextEquiv>
          <Unicode>dem gebein der abgeſtorbenen Heiligen / wie</Unicode>
        </TextEquiv>
      </TextLine>

      
      
      <TextLine id="eSc_line_eddc4776" >
        <Coords points="39,1221 38,1228 68,1238 69,1238 71,1238 306,1231 623,1241 624,1241 881,1233 883,1226 879,1173 756,1181 686,1173 683,1173 681,1173 678,1173 604,1181 581,1173 576,1171 574,1171 573,1171 571,1171 569,1171 568,1173 558,1179 531,1173 524,1171 523,1171 521,1171 519,1171 514,1173 491,1179 39,1174 39,1221"/>
        <Baseline points="39,1221 883,1226"/>
        <TextEquiv>
          <Unicode>man vermeint / wider geſund werden / nicht</Unicode>
        </TextEquiv>
      </TextLine>

      
      
      <TextLine id="eSc_line_d332f610" >
        <Coords points="38,1278 36,1286 878,1289 881,1281 879,1236 479,1236 478,1234 461,1226 459,1226 458,1226 38,1231 38,1278"/>
        <Baseline points="38,1278 881,1281"/>
        <TextEquiv>
          <Unicode>mehr denn Hundtsbein weren / vñ man aber</Unicode>
        </TextEquiv>
      </TextLine>

      
      
      <TextLine id="eSc_line_d0341aaa" >
        <Coords points="39,1334 38,1342 133,1352 134,1352 136,1352 159,1344 216,1352 218,1352 343,1344 349,1344 356,1344 461,1354 463,1354 464,1354 489,1346 538,1354 539,1354 541,1354 559,1346 578,1354 579,1354 581,1354 883,1344 884,1337 883,1293 39,1289 39,1334"/>
        <Baseline points="39,1334 884,1337"/>
        <TextEquiv>
          <Unicode>eben ſo ein ſtarcke imagination vnd glauben</Unicode>
        </TextEquiv>
      </TextLine>

      
      
      <TextLine id="eSc_line_dc1b7966" >
        <Coords points="748,1337 653,1346 643,1337 641,1337 639,1337 638,1337 498,1346 484,1337 483,1337 481,1337 479,1337 478,1337 454,1347 69,1339 68,1339 66,1339 38,1349 39,1394 39,1409 814,1409 814,1407 881,1397 881,1391 878,1347 749,1337 748,1337"/>
        <Baseline points="39,1394 881,1391"/>
        <TextEquiv>
          <Unicode>zů jnen hette / wuͤrden ſie eben als krefftigkli⸗</Unicode>
        </TextEquiv>
      </TextLine>

      
      
      <TextLine id="eSc_line_d9aaef27" >
        <Coords points="316,1394 314,1394 313,1394 284,1402 238,1394 236,1394 234,1394 213,1402 213,1404 86,1404 83,1402 71,1394 69,1394 68,1394 66,1394 64,1394 38,1401 38,1446 36,1461 876,1461 878,1451 876,1407 636,1397 634,1397 633,1397 603,1406 598,1406 593,1406 553,1396 551,1396 549,1396 548,1396 536,1404 524,1396 523,1396 521,1396 519,1396 453,1404 449,1404 446,1404 409,1396 408,1396 358,1404 351,1404 348,1404 318,1394 316,1394"/>
        <Baseline points="38,1446 878,1451"/>
        <TextEquiv>
          <Unicode>chen wircken:ja noch wol ein anderß / es mag</Unicode>
        </TextEquiv>
      </TextLine>

      
      
      <TextLine id="eSc_line_216cabd0" >
        <Coords points="723,1451 713,1451 711,1451 709,1451 706,1451 683,1459 664,1452 661,1451 659,1451 658,1451 639,1452 568,1459 554,1452 551,1451 549,1451 548,1451 536,1452 506,1459 478,1452 456,1449 454,1449 453,1449 441,1454 431,1457 391,1454 338,1449 336,1449 334,1449 324,1454 318,1457 293,1454 244,1449 243,1449 39,1456 39,1502 38,1516 44,1521 46,1521 48,1521 49,1521 351,1516 433,1514 443,1516 464,1522 466,1522 468,1524 871,1524 873,1506 868,1451 838,1459 729,1451 723,1451"/>
        <Baseline points="39,1502 873,1506"/>
        <TextEquiv>
          <Unicode>ſein wie Auguſtinus ſchreibt / daß allhie auff</Unicode>
        </TextEquiv>
      </TextLine>

      
      
      <TextLine id="eSc_line_4ce43c45" >
        <Coords points="39,1559 38,1565 876,1569 879,1562 879,1517 843,1507 841,1507 839,1507 838,1507 809,1516 808,1516 709,1507 708,1507 671,1516 666,1516 661,1516 633,1507 631,1507 629,1507 628,1507 608,1514 603,1516 589,1514 536,1507 534,1507 533,1507 531,1507 523,1514 519,1516 498,1514 439,1507 438,1507 409,1512 404,1514 403,1512 396,1507 396,1506 394,1506 393,1506 391,1506 329,1512 306,1516 239,1516 236,1511 231,1507 231,1506 229,1506 228,1506 226,1506 39,1509 39,1559"/>
        <Baseline points="39,1559 879,1562"/>
        <TextEquiv>
          <Unicode>dieſer Erden viel Leib / deren Seelen in der</Unicode>
        </TextEquiv>
      </TextLine>

      
      
      <TextLine id="eSc_line_77085dba" >
        <Coords points="876,1567 41,1567 41,1615 39,1630 73,1639 74,1639 76,1639 78,1639 86,1632 88,1630 149,1630 154,1632 171,1640 173,1640 174,1640 246,1632 263,1630 269,1632 306,1645 308,1645 309,1647 443,1647 443,1645 506,1634 513,1632 518,1634 549,1642 551,1642 553,1644 553,1642 554,1642 584,1634 591,1632 598,1634 656,1647 658,1649 743,1649 743,1647 744,1647 746,1647 746,1645 758,1635 769,1644 771,1644 773,1644 774,1644 776,1644 799,1634 803,1632 806,1634 824,1645 826,1645 828,1645 829,1645 881,1634 883,1619 881,1579 876,1567"/>
        <Baseline points="41,1615 883,1619"/>
        <TextEquiv>
          <Unicode>Hellleiden / verehret / vnd fuͤr Heiligthumb</Unicode>
        </TextEquiv>
      </TextLine>

      
      
      <TextLine id="eSc_line_aa8274b1" >
        <Coords points="493,1672 493,1677 491,1689 599,1700 603,1679 601,1624 571,1624 569,1624 568,1624 566,1624 553,1637 533,1654 498,1654 493,1672"/>
        <Baseline points="493,1677 603,1679"/>
        <TextEquiv>
          <Unicode>iij</Unicode>
        </TextEquiv>
      </TextLine>

      
      
      <TextLine id="eSc_line_abc69457" >
        <Coords points="753,1679 753,1714 794,1714 794,1712 796,1712 806,1709 841,1695 883,1702 884,1674 879,1624 828,1632 819,1629 804,1622 803,1622 801,1622 749,1634 753,1679"/>
        <Baseline points="753,1679 884,1674"/>
        <TextEquiv>
          <Unicode>gehal⸗</Unicode>
        </TextEquiv>
      </TextLine>

      
    </TextRegion>
    

    
  </Page>
</PcGts>
