1204 1997
288 133 970 201 Von verblendung der
288 189 1124 264 groſſen vnfaͤl die durch aller gattung gifft
284 249 1124 316 vnd vergifftung zůwegen gebracht / hie vor⸗
281 307 950 374 behalten vnd außgenom̃en haben.
326 414 1130 479 Von wunderſeltzamen dingen / ſo vnderwet
281 462 1127 517 len etliche auß dem mund geben / vnd daß die
286 509 1122 577 ſelbigen daniden in dē leib nie geweſen ſeind.
512 572 915 632 Das Ander Capitel.
381 647 1129 717 S gehoͤren auch hieher / die wunder⸗
316 708 1125 778 ſeltzamen ding / die vnterweilen vonn
379 753 1124 818 den Menſchen auß dem mund herauß
281 812 1125 885 geben werden / mit welchen der boͤß verblen⸗
276 872 1127 931 der Geiſt / etlicher geſicht dermaſſen verblen
278 925 1124 988 det / daß ſie ein eid ſchweren / es kom̃en ſolche
276 980 1122 1046 zůunderſt auß dem leib herauff. Es ſind aber
274 1035 1124 1108 ſolche mehꝛtheits wuͤllene tuchzaͤſerlin / zim⸗
274 1093 1119 1164 lich groß eiſen negel oder ſtuck derſelbigen /
274 1149 1119 1214 eiſene vnnd meſſene hefftlin / nadlen / gufen /
274 1206 1122 1268 vnnd deren nicht wenig vnderweilen zůſam⸗
273 1266 1119 1329 men gebunden / oder in ein tuͤchlein geſteckt /
274 1319 1124 1381 verwirꝛet garn / Welches ich alles ſelbs ge⸗
274 1374 1124 1446 ſechen hab. Vnderweilen werden auch bein
273 1431 1122 1499 außgeſpeuwet / Niderkleider vnnd andere
271 1486 1120 1552 mehr dergleichen / vnflaͤtige ding / Welche
273 1542 1122 1612 offtermals viel groͤſſer ſind / weder der Oe⸗
274 1597 1122 1682 ſophagus oder ſchlund des menſchen / wann
1072 1672 1119 1734 er
