1171 1997
58 113 872 183 boͤſen Geiſter / Das llll. Buch. 3o7
26 166 867 246 ding / ſo gantz augēſcheinlich dahin gebracht
24 222 867 299 das er gehalten hat / daß etwas krafft hinder
23 279 871 356 denen dingen ſeye (im Tractat de Home⸗
28 342 874 412 rica Medicatione) ſo er doch zuuor mit
26 399 871 472 henden vnd fuͤſſen darwider gefochten hatt.
23 450 869 525 Die vrſach aber diſer inſcription vnnd vber⸗
24 509 866 580 geſchrifft / de Homerica Medicatione, iſt
21 564 867 635 dieſe / daß nemlich der weitberhuͤmpt Poet
23 619 866 685 Homerus geſchrieben hat / das mit etwas
19 672 859 742 worten in das blůt geſtelt / vnd durch artzney
19 728 861 800 myſteria oder geheimnuſſen etliche kranck⸗
21 785 856 863 heiten geheilt ſeien woiden. Es hat ſich auch
19 842 857 915 Aetius nicht geſchemet / etliche graͤt vnnd
18 896 859 973 beinlein / ſo inn dem ſchlund vnnd Mandel⸗
21 961 857 1023 geſchwer beſteckt / durch einen Apoſteutz⸗
19 1010 857 1086 leriſchen / aberglaubiſchen ſegen herauß zu
19 1065 861 1143 beſchweren. Daß auch ein pfeil auff ein zeit
18 1126 861 1201 auß der bruſt herauß durch ein Zaubet iar⸗
16 1179 859 1249 men ſeye gezogen worden / hab ich da oben
16 1244 859 1309 auß Beniuenio angezogen. Eo kreibets
16 1298 854 1367 auch Marcellus hin vnnd wider / zu dem /
23 1349 864 1421 ſo hat er ſich jren / auch Detauianus in Eu⸗
19 1406 861 1479 poriſtis / gebrauchet: Deßgleichen Quin⸗
16 1461 861 1532 tus Serenus / welcher denn vnder anderm
19 1516 862 1589 lehret / das woꝛt Abracadabra / auff ein Pa⸗
24 1574 862 1659 pirene Figur / von jhm angegeben / auffge⸗
469 1632 561 1710 vij
652 1630 856 1705 ſchrieben /
