1174 1996
309 126 997 192 3i0 Von verblendung der
306 189 1147 247 nichts deſter minder des wuͤrckenden gemuͤt
313 236 1145 312 ſein gefaſſet werck außzufuͤhren. Welches
306 301 1145 365 man denn an dem Zanwehe / zu dem man
308 350 1145 414 ſolche Artzney meh malen brauchet / augen⸗
308 410 1145 480 ſcheinlich ſehen mag. Deñ der Precantator
306 462 1144 530 oder verſegner / deſſen / ſo nicht darwider iſt /
308 522 1147 585 gemuͤt dermaſſen beweget / daß der ſchmer⸗
306 575 1147 645 tzen / weil er ſeinen Segen brumlet / je lenger
304 630 1147 705 je mehr auffhoͤret vnd nachlaſſet. Welchs a⸗
303 685 1147 760 ber ohn ein wunder nit abgeht. So aber der
304 741 1147 810 kranck jme mißtrawet / oder ſolch mittel vñ
304 800 1149 871 artzney fuͤr ſpoͤttlich vnd lecherlich achtet / od
303 858 1145 926 etliche vmbſtendner hat / die es verachten /
301 914 1145 978 pnnd verdacht machen / ſo wirdt der verſeg⸗
303 969 1145 1036 ner nichts ſchaffen noch außrichtē moͤgen /
303 1021 1145 1091 denn er an dem krancken ein ſolches gemuͤt /
301 1076 1149 1147 das ſich ſeiner perſuaſion widerſetzet / fin⸗
301 1131 1144 1207 det . Hie wil ich nun auß anlaß anziehen /
299 1187 1147 1260 etwas / deſſen ich noch ingedenck bin. Es
301 1244 1147 1322 hat auff ein zeit ein Adelsperſon / einer Ed⸗
299 1299 1147 1372 len Tochter / das Zanwehe durch einen Se⸗
301 1358 1147 1432 gen geſtillet: als ſie aber volgends von we⸗
303 1415 1149 1492 gen des Abgoͤttiſchen mittels / ſo ſie gebrau⸗
301 1470 1147 1543 chet / geſcholten ward / hatt es ſie vonn her⸗
301 1531 1144 1603 tzen vbel gerauwen / darauff deñ der vordꝛig
311 1581 1140 1688 ſchmertzenals bald widerumb angegangen⸗
1045 1646 1139 1734 aber
