1206 1997
176 133 912 201 boͤſen Geiſter / Das III. Bůch
76 188 917 251 er ſich ſchon als weit von einandern zerthůt /
74 244 922 314 als die natur erleiden mag. Derhalben / ſol⸗
76 302 921 372 chen groſſen dingen auch kein anderer in⸗
76 367 919 421 nerlicher gang / von vnd gegen dem mund /
74 421 921 484 wirt gnůg ſein. Dardurch dann / als ein vn⸗
74 474 916 537 auff loͤßlich / vnwiderleglich argumēt gnůg
76 525 914 599 ſam bezeuget wirt / daß ſolche ding durch
76 582 921 647 die vnbegreiffliche ſubtiligkeit vñ geſchwin⸗
74 639 919 703 digkeit des Teuffels / dem Menſchen in das
76 695 921 760 heimlich verſtoſſen woꝛden ſind / vnſere au⸗
76 753 919 823 gen aber / daß ſie es nicht geſechen / entweder
74 807 921 875 vonn ſeiner behendigkeit uͤbereilt oder ver⸗
73 862 922 930 blendt / oder aber ein lufftiges Corpus dar⸗
76 918 919 991 zwiſchen geſetzt / vnnd darmit betrogen
74 975 922 1038 worden. Alſo treibt er vns mit ſeinen be⸗
74 1040 922 1101 truͤglichen ſachen vmb / der alt / liſtig Tau⸗
74 1088 916 1156 ſentkuͤnſtleriſch Sathan. Iſt es aber ſach /
73 1146 921 1214 daß jemandts hie anhalten vnnd nit daruon
73 1199 919 1268 abſten woͤlte / gentzlich vermeinend / daß vor
78 1258 917 1326 gezelte vnd deren gleichen ſtuͤck / nit wirt auß
71 1314 912 1381 dem maul / ſunders auß dem Leib herauff
73 1369 922 1432 kommen / der woͤlle mir doch ein bericht ge⸗
73 1426 922 1492 ben / wo ſie / ob ſie herauß kommen / vnnd an
73 1482 922 1547 welchem orth ſie gelegen ſeiendt / dieweil
73 1541 921 1604 außgenommen den Oeſophagum / kein an⸗
73 1595 922 1665 derer meatus / der aus dem leib dem maut
756 1650 911 1730 zůgehe /
