1176 1997
68 113 869 189 boͤſen Geiſter / Das llll. Buch. 32
26 166 866 249 aber nachgehender tagen ſelbs nachgelaſſen
28 227 867 297 hat. Welcher aber ohne glauben vnnd ver⸗
28 279 867 361 trawen einen Segen vber ſich ſprechen leſ⸗
29 334 866 417 ſet / der hat allen ſeinen koſten vnd arbeit (wie
28 397 867 464 man ſpricht) verloren / es ſeye denn der ver⸗
33 445 861 529 ſegner ſo toll / vñ habe den pfneuſel ſo ſtarck /
31 509 867 579 daß er deſſen / ſo zu jm kompt mißtrawen nit
34 559 869 647 ſchmecke. Derhalben ſo thuůns weder die Se
33 614 866 695 gen noch Character / ſondern des gemuͤts / ſo
36 673 864 750 ſich denen dingen vertrawet vnnd darauff
33 728 866 803 leſſet / vnd mit des patienten gemuͤt einhellig
34 783 869 868 iſt / krafft vnnd wuͤrckung. Derhalben der
34 845 666 925 Lateiniſch Poet komlich ſpricht:
36 945 732 1013 Nos babitat, non tartara, ſednecſpdera Cali
88 998 656 1078 spiritus, in nobis qui uigit, illa facit.
358 1055 558 1121 Das iſt:
41 1109 816 1191 Des Himmels gſtirn / der Hellen Koͤng,
49 1168 737 1251 Iſt nicht / der die ding zwegen bring.
48 1224 762 1296 Sonder des Menſchen eigner Geiſt /
56 1284 642 1362 Iſts der da wuͤrcket aller meiſt.
104 1334 882 1412 Es kommen aber vngelehrter Leute ge⸗
43 1387 879 1471 muͤter in ein ſolchs ſtarcks vertrauwen / vnd
49 1442 882 1529 ſteiffe perſuaſion / auß dem falſchen wohn /
48 1499 887 1584 ſo ſie halten von den Charactern / vnd Hei⸗
49 1554 887 1662 ligen (wie ſie es meinen) worten. Gelchr⸗
604 1617 724 1694 v iiij
842 1615 891 1707 te
