1173 1996
281 119 966 182 3i4 Von verblendung der
276 176 1111 242 aber hat einen lamen ſchenckel. Dieſe gaben
274 234 1113 302 fůr / jnen were in dem traum angezeigt woꝛ⸗
274 296 1111 360 den / der blind wuͤrde ſehend werden / ſo bald
274 342 1111 419 jme der Veſpaſianus mit ſeiner ſpeuweten
274 412 1111 470 die augen anſtreichen / deßgleichen des ande⸗
271 459 1111 530 ren ſchenckelſtarck / ſo er in jme mit der ver⸗
274 513 1109 587 ſenen anruͤren wuͤrde. Aber die ſach gantz
272 572 1111 638 vngleubig war / vnd ſich mit nichten / daß ſie
269 627 1106 695 einen fuͤrgang haben wuͤrd / anſehen lieſſe /
274 683 1109 746 hat es anfangs Veſpaſianus kaum wagen
272 738 1111 810 doͤrffen. Als jm aber viel ſeiner freunden inn
269 796 1111 861 den ohren lagen / vnnd ine darzů ernſtlichen
271 853 1113 924 vermaneten / hat er inn gegenwertigkeit des
274 911 1111 981 gantzen Volckes mit beyden verſuchet: iſt
272 964 1111 1034 auch wol abgegangen / vnnd gerhaten. Es
276 1022 1111 1091 forcht freilich der boͤſe Teuffel / welchen E⸗
276 1081 1113 1144 gyptenland / ſo ein Muͤtter aller jrſalen / ver⸗
269 1132 1111 1195 ehꝛet / daß nicht etwan die Kirchen d Gotts⸗
269 1185 1113 1262 foͤrchtigen / ſo denn newlich daſelbſt auffge⸗
267 1249 1108 1315 richtet ward / jhne auß ſeiner alten herberige
269 1304 1111 1372 außtriebe vnd verjagete / er hatt auch zuuor
271 1357 1111 1422 geſehen / daß dieſe zween krancken beyde jhrer
269 1420 1106 1478 kranckheit vnd leibsgebreſten / entladen wuͤr
271 1470 1111 1533 den werden / derhalben er ſie beyde angeſtiff⸗
269 1526 1109 1598 tet hat / daß ſie vom Veſpaſiano huͤlff bege⸗
267 1585 1113 1668 reten / darmit / weñ ſie jrer bitt gewehrt / vnd
1011 1643 1113 1736 jnen
