1176 1997
86 93 889 166 boͤſen Geiſter / Das llll. Buch. 319
46 153 889 224 geben / daß er nemlich den Demonum in ein
49 208 891 279 geſprech bringen moͤge: Dieſen Authorn
46 264 891 337 aber / dieweil ſie der warheit verfehlet / ſolle
48 327 889 397 man keinen glauben geben / denn jhe jhnen
46 379 894 454 der Teuffel viel baß eines vber ein aug hat
48 436 889 507 geben moͤgen / weder aber vns / die wir vonn
49 494 889 564 Gottes gnaden Chriſtum angezogen / vnnd
49 547 889 619 dhalb des leidigen Teuffels geſpoͤtt vñ fatz⸗
46 604 891 670 werck gruͤndlicher verſtand vñ wiſſen. Der⸗
51 660 884 728 halben auch alle alten Hiſtoꝛen einhelliglich
48 718 891 785 bezeugen / daß die herꝛlichen fuͤrtreffenlichen
48 780 891 845 Ingenia / der vralten Philoſophen / inn den
48 825 891 903 Labyrinthen d Teuffelswerckē / vñ Prophe⸗
48 885 892 958 tien gantz vnd gar verirꝛet / alſo / daß ſie nicht
49 940 891 1006 wo auß od wo an gewiſſet / geweſen ſeyend.
53 995 889 1073 Welcher Teuffelsguͤmpelmarckt aber / zu d
49 1053 894 1128 zeit der ankunfft vnſers einigen Erloͤſers vñ
53 1108 891 1188 Seligmachers Jheſu Chriſti / aller zumal /
48 1166 891 1241 einen krach gelaſſen / vnd die ſchnůr genom⸗
48 1226 896 1296 men hat. Esſind die Demones od Teuffel
49 1279 891 1354 alle ſampt vnd ein jeder in ſonders Geiſter /
53 1339 894 1404 welche / gleich wie ſie mit keinen Plantis /
51 1391 894 1466 das iſt / gewechſen / oder jrdiſcher ſubſtantz
49 1456 899 1516 angereitzet / alſo werden ſie auch mit ſolchen
49 1504 899 1572 mittlen nimmer mehr vertrieben: Db ſie
51 1560 902 1654 wol gleich vnderweilen ſich gegen jhren
696 1617 901 1699 Schuſern
