1192 1997
276 139 968 208 Von verblendung der
278 191 1123 261 zůgehe / gefunden wirt / weder eben die Aſ⸗
279 251 1123 322 pera arteria dern haupt Larynx genant / aus
276 306 1123 371 dreyen Cartilaginibus zůſammen gefůgt
278 361 1125 432 iſt. Derſelben orificium oder eingang thůt
279 424 1127 484 ſich / ſo der Menſch athmet auff / ſo er aber
278 472 1123 545 ſſſet / mehrtheils zů / darumb ſie denn auch
278 530 1122 595 von dem Schoͤpffer mit membranoſis, ner
276 589 1123 659 uolisc ligamentis darzů gefoꝛmiert iſt. Di
276 642 1122 713 ſe ſtraß / brauchen allein die ſpiritus vnnd et⸗
274 703 1118 767 liche humores / aber was herter materi iſt /
276 755 1118 818 leidet ſie in keinen weg / wie wirs denn teg⸗
276 810 1122 880 lich / ſo vns etwas als man ſpricht / in die vn⸗
276 865 1120 933 rechte kelen koͤmpt / wol erfaren. Antonius
279 921 1120 985 Beniuenius zeigt an im 24.bůch de abditis
274 983 1118 1046 morb. & ſanat. cauſis, daß auff ein zeit einer
274 1035 1117 1098 geweſen ſey / welcher gantz groß ſeittenweh /
271 1093 1120 1161 darzů auch einen immerwerenden huſten ge⸗
274 1141 1120 1218 habt habe / welchs biß in die gefahr des todts
274 1203 1122 1271 gewert habe drey gantzer Jar / als er aber zů
269 1259 1117 1328 leſt / ein ſteinlin einer haſelnuß gros durch
271 1313 1120 1382 den huſten außgewoꝛffen / ſeye es beſſer vmb
274 1369 1120 1436 jn woꝛden. Es erzellt auch Alexander Tralli
269 1427 1120 1496 anus ein Exempel etwan von einem / welchē
271 1484 1117 1547 der Huſten ein lange zeit viel plagen ange⸗
271 1542 1118 1602 than / alſo daß er / es wer jhm lieb oder leid
274 1597 1123 1677 ohn vnderlaß mit lauter ſtimm huſten můſt.
938 1654 1122 1739 Hinden⸗
