1176 1996
282 139 364 204 322
395 126 976 201 Von verblendung der
281 237 1121 299 das die boͤſen Geiſter vertrieben / vnd alles ge
329 184 1121 254 Mit vnnd dnrch was LIlaterien die Alten /
282 284 1121 357 genwerck abgelainet werde / vermeint haben.
480 344 888 417 Das XVl l. Capitel.
360 397 1126 487 Nter dem Heyligthůͤmb / dardurch
370 460 1129 540 Ndie Alten vermeineten / daß die boͤſen
400 517 1126 598 Geiſter / vertrieben moͤchten werden /
281 572 1121 657 ward gezallt / der Schwebel / welches rauch /
284 627 1127 718 ſo er anderſt angezuͤndet / weder der Teuf⸗
286 681 1124 771 fel / noch ſein Großmutter erdulden moͤch⸗
284 740 1132 820 ten. Daher denn auch / wie Proclus dar⸗
286 796 1127 878 uon ſchreibet / die Prieſter bey den Heyden /
284 851 1127 944 ſich deß Schwebels in jhren reinigungen /
287 914 1132 991 deßgleichen deß todten Meeers / oder ande⸗
287 961 1136 1047 rer Meerwaſſer abweſchung gebraucht ha⸗
287 1024 1134 1104 ben. Denn jhe der Schwebel von wegen
287 1079 1136 1157 ſeines gerůchs ſcherpffe / deßgleichen das
287 1131 1132 1215 Meerwaſſer / auß viſach / daß es etwas few⸗
287 1189 1139 1269 riges Element in jme hatt / der natur vnd eie⸗
296 1244 1134 1333 genſchafft iſt / daß es purificiert vnnd reini⸗
296 1299 1136 1385 get: Daher denn auch der holdſelig / lieblich
292 1360 1136 1443 vnd anmuͤtig Poet Duidius von der Me⸗
291 1423 642 1503 dea alſo ſchreibet:
296 1515 1139 1603 Terque ſenem flamma, ter aqua, ter ſulphu-
340 1576 540 1645 re luſtrat.
1024 1631 1136 1721 Das
