1187 1997
293 139 977 209 324.Von verblendung der
293 184 1132 261 Hexen vnd zauberwerck ab zůleinen / Sonſt
293 242 1133 327 ſind noch andere ſtuͤck mehr / auff welche die
291 297 1133 372 alten das verzaubern vnnd verblenden abzů⸗
294 351 1137 441 ſchaffen / viel geſetzet habē. Ariſtoteles ſchꝛei⸗
294 411 1133 487 bet / wie das Ruta / wider alles verzauberen /
294 464 1138 544 eine gewiſſe Artzeney ſeye. Gleiche krafft
302 524 1143 605 gibt Dioſcorides zů dem Aliſſo / wenn es in
299 579 1143 657 einem hauß auffgehencket: Item / den Eſten
301 637 1143 712 Rhamni terti, ſo ſie in einen laden oder fen
304 690 1147 780 ſter geſtecket werden. Es iſt auch (wie vns
304 750 1145 832 denn Apion Grammatieus lehret / Cynoce⸗
307 805 1140 883 phalia gůt darwider. Etliche aber / ſo auff
314 858 1150 945 Vergilium ſich berůffen / ſetzen auch vnter
311 915 1152 993 dieſe zahl/ das wolriechende Kraut Bacha⸗
309 975 1150 1060 rem / denn er in ſeinen Hirtengeſprechen et⸗
311 1033 955 1106 wann an einem ort alſo ſchreibet.
406 1101 689 1151 Bachare frontem
314 1138 973 1211 cingite, ne uati noceat mala lingua ſuturo.
640 1196 834 1266 Das iſt:
372 1249 978 1328 Darmit der Prieſter ſicher ſey /
376 1314 1023 1382 Vor boͤſer zung / ſo machend frey /
372 1367 1020 1447 Ein Krantz darein geflochten ſey /
372 1427 880 1501 Bachares das edel Kraut /
372 1477 1043 1551 Fuͤrs zaubern iſts ein ſonder traut.
387 1532 1160 1609 Man liſet daß auch das ſtirnen leder
319 1589 1162 1690 deß Thiers Hyena alles jauberwerck abſtel⸗
1102 1647 1158 1719 le
