1176 1997
69 113 869 178 boͤſen Geiſter / Das llll. Buch. 325
29 161 871 236 le. Hicher moͤgen nun auch viel ſtim / ſonjt
33 219 871 291 anderſtwo her / vnd in ſonderheit auß Alber⸗
34 276 877 349 to Magno / darmit deß Teuffels jarmarckt
34 334 874 414 deſter mehr anſehens habe / zůſammen getra⸗
36 387 874 469 gen werden. Dionyſius meldet / Jaſpis ſeye
36 447 876 522 den Empuſis vnd andern Idolis gantz zů⸗
36 504 877 570 wider. Rote Corallen / den Kindern an den
39 555 874 635 halß gehencket / oder inn die ermel geſtricket /
39 617 882 690 vnnd an den armen getragen / oder ſonſt im
39 667 879 750 hauß behalten / ſol auch etwas tugend vnnd
39 723 882 807 heimlicher krafft wider das verzaubern ha⸗
39 782 881 857 ben. Der ſtein Lyncurius / wie man ſagt / weh
38 837 886 908 ret allem verblenden deß geſichts vnd der au
43 895 884 975 gen / wie denn dargegen Heliotropius dasge
44 948 884 1025 ſicht betreugt / vñ den Menſchen vnſichtbar
43 1003 887 1085 machet. Der rauch Lipparis ermundert alle
44 1058 886 1138 Thiere. Synochitides bringet herauff die
49 1116 887 1199 Seelen vnd Geiſter auß der Helle. Anachi⸗
46 1174 891 1253 tides ſtellt fuͤr die augen deß heiligen Bildt⸗
46 1238 891 1303 nuſſen. Ennectis den treuwmenden vnter⸗
49 1284 892 1364 geleget / machet ſie zů weiſſagen. Meſue le⸗
49 1342 891 1414 ret / doch nit ohn aberglauben / das geweihet
49 1402 887 1477 oͤl auß gagathe / den beſeſſenen gantz nuͤtzlich
51 1461 891 1529 ſeye: Man wil auch ſagen / daß die federn ei⸗
49 1516 892 1592 nes Wiedhopffen / angezůndet / vnnd gereu⸗
51 1567 892 1665 chert /allerley fantaſeren auß dem haupttrei⸗
794 1624 892 1699 ben.
559 1629 676 1710 riij
