1178 1996
304 94 1009 171 320Von verblendung der
301 151 1141 229 ben. Vorzeiten hat mau auch ein Ey in der
301 206 1141 286 reinigung gebrauchet. Daher deñ der Poet
302 264 1141 340 Duidius den Eyeren / den uͤbernamen Oua
302 319 1128 409 luſtralia / dz iſt / Reinigende cyer gegebē hatt
304 385 996 462 Adueniat qua luſtret anus, lectumh locumih,
351 439 1001 518 Deſerat er tremula ſulpbur esr oua mantt.
612 500 791 570 Das iſt:
301 553 955 640 Es kom ein alt Weib an der ſtett /
299 618 951 695 Reinig diß ort vnd auch das bett.
304 673 1033 755 Bring Schwebel / Eyer in der handt /
302 730 984 800 Das ſie diß ampt deſt baß beſtandt.
364 796 1144 883 Vber ermelte ſtůck alleſamen haltet man
297 859 1146 939 auch / daß der Specht / ſo er geeſſen / deßglei⸗
297 913 1146 991 chen ein bereuchung von eines todten Men⸗
299 968 1144 1052 ſchen Zan / Item / ſo der gantze leib mit Rap
299 1026 1144 1107 pen gallen / vnd Seſamoͤl auß Cleopatra ge
297 1081 1146 1156 ſchmieret: oder wenn Queckſilber in einem
296 1136 1138 1215 rohr / oder laͤren H aſelnußſchalen mit wachß
297 1197 1141 1275 vermacht / vnter das kuͤſſe des bezauberten /
299 1247 1144 1332 oder vnter die thuͤrſchwellen des hauſes oder
299 1302 1141 1388 kammeren gelegt werde / Helffen ſolche ding
299 1367 1144 1445 alle ſammen / einen veruntreuweten zů recht
297 1418 1144 1495 widerum zůbringen. Wenn nun jemandts
299 1472 1144 1553 dieſe gattungen / als die abergleubiſchen / v
301 1535 1139 1633 nichts wehrt widerfechten wolte / ſo weiß ich
1038 1603 1139 1689 woll
