<?xml version="1.0" encoding="UTF-8"  standalone="yes"?>
<PcGts xmlns="http://schema.primaresearch.org/PAGE/gts/pagecontent/2019-07-15" xmlns:xsi="http://www.w3.org/2001/XMLSchema-instance" xsi:schemaLocation="http://schema.primaresearch.org/PAGE/gts/pagecontent/2019-07-15 http://schema.primaresearch.org/PAGE/gts/pagecontent/2019-07-15/pagecontent.xsd">
  <Metadata externalRef="https://content.staatsbibliothek-berlin.de/dc/813172837-0347/full/full/0/default.jpg">
	<Creator>escriptorium</Creator>
	<Created>2023-03-06T11:57:52.610780+00:00</Created>
        <LastChange>2023-03-06T11:57:52.610796+00:00</LastChange>

  </Metadata>
  <Page imageFilename="346_cfc74_default.jpg" imageWidth="1176" imageHeight="1997">

    
    <TextRegion id="eSc_textblock_0bebc2e8"  >
      <Coords points="333,99 856,99 889,119 896,1682 824,1682 789,1635 46,1629 33,186 73,106 333,99"/>
      
      
      <TextLine id="eSc_line_a45a5a60" >
        <Coords points="862,103 721,99 706,99 689,99 672,99 656,99 639,99 622,99 606,99 589,99 573,99 556,99 539,99 523,99 514,99 511,103 503,109 448,109 438,101 434,99 423,99 406,99 389,99 383,99 381,101 368,111 343,101 338,99 323,99 306,99 289,99 273,99 256,101 243,101 171,114 156,103 156,103 139,103 123,104 106,104 89,104 73,104 74,159 74,168 364,173 366,173 368,173 394,164 558,169 559,169 872,154 872,146 869,108 862,103"/>
        <Baseline points="74,159 872,146"/>
        <TextEquiv>
          <Unicode>boͤſen Geiſter / Dasllll. Buch. 327</Unicode>
        </TextEquiv>
      </TextLine>

      
      
      <TextLine id="eSc_line_61be59af" >
        <Coords points="704,149 702,149 672,161 651,153 649,153 647,153 491,164 456,154 454,154 453,154 369,168 359,159 359,158 358,158 356,158 319,158 318,158 316,158 314,158 303,168 289,158 288,158 286,158 284,158 283,158 251,169 231,159 229,159 228,159 149,169 121,161 119,161 118,161 116,161 91,173 66,164 64,164 63,164 61,164 36,173 34,179 36,219 36,226 116,236 118,236 119,236 121,236 121,234 131,226 133,226 201,234 203,234 291,224 309,222 318,224 351,231 353,231 424,222 458,219 463,222 471,227 473,227 474,227 476,227 554,221 626,216 636,221 644,224 646,224 647,224 707,219 764,216 769,219 772,222 774,222 776,222 777,222 779,222 787,219 804,213 872,218 874,203 869,158 759,159 756,159 706,149 704,149"/>
        <Baseline points="36,219 874,203"/>
        <TextEquiv>
          <Unicode>wol / weſſen ſich jre Patronen behelffen wer⸗</Unicode>
        </TextEquiv>
      </TextLine>

      
      
      <TextLine id="eSc_line_4b1e9207" >
        <Coords points="781,206 759,216 599,209 597,209 501,221 446,213 444,213 443,213 408,222 379,214 378,214 376,214 374,214 339,222 238,216 236,216 234,216 233,216 218,226 131,218 123,218 63,227 46,219 44,219 43,219 41,219 39,219 39,221 33,226 34,274 34,282 877,269 879,259 876,216 784,206 782,206 781,206"/>
        <Baseline points="34,274 879,259"/>
        <TextEquiv>
          <Unicode>den. Nemlich deſſen / ſo wir Tobie im achten</Unicode>
        </TextEquiv>
      </TextLine>

      
      
      <TextLine id="eSc_line_5850a791" >
        <Coords points="38,331 38,346 876,329 876,316 872,272 782,264 781,264 779,264 756,272 734,264 732,264 731,264 687,274 682,274 676,274 609,266 607,266 606,266 604,266 604,267 596,274 541,267 539,267 538,267 536,267 536,269 528,276 523,276 448,269 446,269 444,269 416,277 406,279 378,277 306,272 304,272 273,279 261,281 254,279 238,272 236,272 234,272 233,272 231,272 223,279 221,281 219,279 214,276 214,274 213,274 211,274 209,274 36,281 38,331"/>
        <Baseline points="38,331 876,316"/>
        <TextEquiv>
          <Unicode>Capitel leſen / das der boͤſe Geiſt durch eines</Unicode>
        </TextEquiv>
      </TextLine>

      
      
      <TextLine id="eSc_line_0a826ef7" >
        <Coords points="569,322 561,322 558,326 546,334 499,327 474,324 473,324 446,329 398,337 383,329 374,326 373,326 371,326 329,331 276,337 256,332 244,329 243,329 241,329 239,329 229,332 208,341 199,334 198,331 196,331 194,331 193,331 191,331 181,334 159,341 148,334 143,332 141,332 139,332 36,336 39,392 39,399 93,407 94,407 96,407 124,399 143,407 144,407 146,407 148,407 169,397 188,406 189,406 191,406 294,394 298,394 301,394 474,399 476,399 478,399 479,399 493,389 494,389 551,397 553,397 624,387 852,389 854,389 856,389 876,379 876,371 871,321 594,331 583,326 574,322 569,322"/>
        <Baseline points="39,392 876,371"/>
        <TextEquiv>
          <Unicode>Fiſchs hertz vñ lebern / ſo auff einer glůt ange</Unicode>
        </TextEquiv>
      </TextLine>

      
      
      <TextLine id="eSc_line_00e3ea6e" >
        <Coords points="479,382 478,382 461,389 449,392 438,389 424,384 423,384 421,384 388,391 371,394 366,391 358,386 356,386 354,386 353,386 304,394 286,396 244,396 96,391 89,392 73,392 58,392 39,401 41,445 41,459 301,450 338,452 433,457 434,457 479,449 486,447 493,447 529,455 531,455 707,452 876,437 876,429 871,376 614,389 544,386 481,382 479,382"/>
        <Baseline points="41,445 876,429"/>
        <TextEquiv>
          <Unicode>zuͤndet / in das obertheil Egypti hingetriebē /</Unicode>
        </TextEquiv>
      </TextLine>

      
      
      <TextLine id="eSc_line_64fb3e4a" >
        <Coords points="39,497 39,507 846,504 847,504 877,494 877,485 872,436 751,445 677,439 662,439 661,439 659,439 656,441 632,447 559,442 528,441 526,441 511,444 484,449 456,444 436,442 434,442 38,454 39,497"/>
        <Baseline points="39,497 877,485"/>
        <TextEquiv>
          <Unicode>vnd allda von dem Engel angebunden ſeie</Unicode>
        </TextEquiv>
      </TextLine>

      
      
      <TextLine id="eSc_line_deb3ce14" >
        <Coords points="39,555 39,570 879,552 879,544 876,500 799,490 797,490 796,490 772,499 761,490 759,490 757,490 756,490 634,502 574,494 573,494 514,504 439,495 438,495 264,507 251,499 249,499 248,499 246,499 121,509 48,502 46,502 44,502 43,502 43,504 38,507 39,555"/>
        <Baseline points="39,555 879,544"/>
        <TextEquiv>
          <Unicode>worden. Darauff ich denn dieſen beſcheid ge</Unicode>
        </TextEquiv>
      </TextLine>

      
      
      <TextLine id="eSc_line_98f2f356" >
        <Coords points="38,612 38,619 116,629 118,629 119,629 141,619 143,619 144,619 186,627 188,627 239,619 248,617 263,617 349,625 351,625 353,625 378,617 379,617 383,617 438,624 439,624 441,624 458,615 464,614 484,615 531,622 533,622 879,612 879,599 874,550 36,565 38,612"/>
        <Baseline points="38,612 879,599"/>
        <TextEquiv>
          <Unicode>ben / daß nemlich dieſer Cacademon vil mehz</Unicode>
        </TextEquiv>
      </TextLine>

      
      
      <TextLine id="eSc_line_e296dad8" >
        <Coords points="323,609 321,609 319,609 304,620 303,620 301,620 208,610 206,610 141,610 138,612 121,612 119,612 118,612 106,622 68,612 66,612 64,612 63,612 38,622 39,667 39,675 86,685 88,685 89,685 116,677 166,683 168,683 169,683 171,683 181,675 318,683 319,683 459,682 461,682 498,672 521,680 523,680 524,680 571,672 687,678 689,678 741,668 836,677 837,677 839,677 881,665 881,657 879,615 856,607 854,607 852,607 722,615 707,605 706,605 704,605 702,605 701,605 699,605 687,615 619,607 617,607 616,607 594,617 594,619 584,619 501,619 479,607 478,607 476,607 474,607 443,619 441,619 324,609 323,609"/>
        <Baseline points="39,667 881,657"/>
        <TextEquiv>
          <Unicode>von Tobie deß Juͤnglings reinigkeit vnnd</Unicode>
        </TextEquiv>
      </TextLine>

      
      
      <TextLine id="eSc_line_6588974c" >
        <Coords points="39,722 39,732 176,740 178,740 179,740 181,740 196,730 199,730 276,730 278,730 316,738 318,738 506,727 521,727 528,727 599,733 601,733 602,733 604,733 614,725 617,725 641,725 829,732 831,732 877,722 879,712 876,670 784,662 782,662 736,670 734,670 727,670 476,665 474,665 473,665 456,673 454,673 446,673 356,667 354,667 38,677 39,722"/>
        <Baseline points="39,722 879,712"/>
        <TextEquiv>
          <Unicode>keuſchheit / deßgleichen ſeines vnd ſeiner ver⸗</Unicode>
        </TextEquiv>
      </TextLine>

      
      
      <TextLine id="eSc_line_db3f4938" >
        <Coords points="39,780 39,792 881,777 882,768 877,722 716,725 702,723 644,717 642,717 641,717 639,717 626,725 626,727 624,725 614,718 612,718 611,718 609,718 607,718 578,727 574,727 571,727 543,718 541,718 539,718 538,718 501,728 494,728 489,728 448,720 446,720 444,720 428,728 426,730 383,730 299,730 281,722 279,722 278,722 229,732 89,725 88,725 38,735 39,780"/>
        <Baseline points="39,780 882,768"/>
        <TextEquiv>
          <Unicode>maͤhleten Spons andechtiges Gebetts / wie</Unicode>
        </TextEquiv>
      </TextLine>

      
      
      <TextLine id="eSc_line_a06d4ddc" >
        <Coords points="39,835 39,847 882,833 884,825 881,782 781,773 779,773 702,783 697,783 696,783 674,775 672,775 671,775 669,775 667,775 657,783 647,775 646,775 644,775 642,775 641,775 639,775 629,783 584,777 583,777 581,777 579,777 579,778 571,785 571,787 524,787 509,787 499,777 498,777 496,777 494,777 493,777 478,785 461,777 459,777 458,777 349,787 321,778 319,778 318,778 316,778 296,788 204,780 203,780 201,780 199,780 189,788 93,782 91,782 38,792 39,835"/>
        <Baseline points="39,835 884,825"/>
        <TextEquiv>
          <Unicode>er denn vom Engel vnterrichtet war / denn</Unicode>
        </TextEquiv>
      </TextLine>

      
      
      <TextLine id="eSc_line_73a883b5" >
        <Coords points="41,890 44,908 58,900 174,906 196,906 198,906 199,906 203,905 218,898 301,905 319,905 321,905 882,895 884,882 881,842 837,832 836,832 834,832 832,832 832,833 824,842 756,842 736,832 734,832 732,832 731,832 712,842 709,843 39,843 41,890"/>
        <Baseline points="41,890 884,882"/>
        <TextEquiv>
          <Unicode>von gemeltes reuchwercks wegen außgetrie⸗</Unicode>
        </TextEquiv>
      </TextLine>

      
      
      <TextLine id="eSc_line_18c7d811" >
        <Coords points="43,946 43,953 884,948 886,941 882,895 652,888 651,888 649,888 647,888 636,896 636,898 526,898 518,891 518,890 516,890 514,890 459,890 458,890 456,890 438,898 384,890 383,890 381,890 363,898 263,891 261,891 219,900 108,891 106,891 104,891 79,900 54,891 53,891 51,891 49,891 48,891 48,893 41,898 43,946"/>
        <Baseline points="43,946 886,941"/>
        <TextEquiv>
          <Unicode>ben ſeie worden. Euſebius erzellet / der Ab⸗</Unicode>
        </TextEquiv>
      </TextLine>

      
      
      <TextLine id="eSc_line_23c81b70" >
        <Coords points="709,943 692,943 676,943 661,943 644,950 641,951 622,950 554,945 543,945 526,945 511,945 436,951 396,955 376,951 341,946 339,946 273,953 229,956 213,953 194,948 193,948 191,948 43,953 44,1006 44,1018 241,1011 248,1015 259,1020 261,1020 263,1020 264,1020 276,1015 286,1010 299,1013 316,1018 318,1018 319,1018 321,1018 323,1018 323,1016 328,1013 331,1008 421,1008 448,1010 506,1016 508,1016 566,1008 578,1006 579,1008 586,1013 586,1015 588,1015 589,1015 591,1015 696,1006 867,1011 869,1011 871,1011 872,1011 886,1001 886,995 882,950 711,943 709,943"/>
        <Baseline points="44,1006 886,995"/>
        <TextEquiv>
          <Unicode>gott Serapis / den die Griechen Pluto nen⸗</Unicode>
        </TextEquiv>
      </TextLine>

      
      
      <TextLine id="eSc_line_352f0435" >
        <Coords points="456,1001 443,1001 426,1001 409,1001 393,1003 391,1003 386,1008 378,1011 324,1008 279,1003 276,1005 261,1005 259,1006 253,1013 234,1006 228,1005 226,1005 214,1005 213,1006 204,1013 189,1006 184,1005 176,1005 164,1005 163,1006 136,1013 43,1006 44,1058 44,1066 193,1075 194,1075 258,1066 259,1066 261,1066 309,1075 311,1075 313,1075 346,1065 351,1065 359,1065 414,1073 416,1073 556,1065 559,1065 561,1065 599,1073 601,1073 602,1073 629,1063 632,1063 641,1063 697,1071 699,1071 701,1071 726,1063 729,1063 731,1063 764,1071 766,1071 767,1071 887,1061 889,1053 886,1011 804,1011 804,1010 791,1000 789,1000 787,1000 786,1000 646,1010 604,1013 564,1013 561,1008 554,1003 554,1001 553,1001 551,1001 549,1001 504,1008 483,1011 474,1008 458,1001 456,1001"/>
        <Baseline points="44,1058 889,1053"/>
        <TextEquiv>
          <Unicode>nen / habe bey den Egyptiern etliche Sym⸗</Unicode>
        </TextEquiv>
      </TextLine>

      
      
      <TextLine id="eSc_line_65d851e5" >
        <Coords points="731,1055 729,1055 727,1055 702,1065 627,1056 626,1056 578,1066 509,1058 508,1058 506,1058 504,1058 493,1068 404,1068 374,1058 373,1058 309,1058 293,1058 276,1058 259,1058 253,1058 251,1058 249,1058 226,1070 206,1060 204,1060 203,1060 139,1070 56,1060 54,1060 53,1060 51,1060 51,1061 43,1068 44,1116 44,1124 889,1123 889,1109 886,1066 754,1066 732,1055 731,1055"/>
        <Baseline points="44,1116 889,1109"/>
        <TextEquiv>
          <Unicode>bola / die Teuffel darmit außzůtreiben / au⸗</Unicode>
        </TextEquiv>
      </TextLine>

      
      
      <TextLine id="eSc_line_8e543efc" >
        <Coords points="621,1113 619,1113 617,1113 612,1118 606,1123 581,1118 569,1116 568,1116 546,1119 504,1124 464,1121 408,1114 406,1114 404,1114 376,1123 359,1126 334,1123 284,1116 283,1116 246,1124 231,1128 191,1126 81,1119 79,1119 78,1119 46,1128 48,1178 48,1186 882,1173 884,1166 879,1113 702,1121 657,1116 622,1113 621,1113"/>
        <Baseline points="48,1178 884,1166"/>
        <TextEquiv>
          <Unicode>gegeben. Zů dem habe er auch die jenigen /</Unicode>
        </TextEquiv>
      </TextLine>

      
      
      <TextLine id="eSc_line_fbe89ef1" >
        <Coords points="279,1176 263,1176 254,1176 173,1176 163,1178 146,1178 129,1178 113,1178 96,1178 79,1178 63,1178 46,1178 48,1229 48,1244 889,1234 889,1223 884,1171 281,1174 279,1176"/>
        <Baseline points="48,1229 889,1223"/>
        <TextEquiv>
          <Unicode>ſo jhnen darumb angelanget / gelehret / wie</Unicode>
        </TextEquiv>
      </TextLine>

      
      
      <TextLine id="eSc_line_bac2d9a5" >
        <Coords points="46,1283 46,1291 886,1286 887,1278 884,1233 44,1233 46,1283"/>
        <Baseline points="46,1283 887,1278"/>
        <TextEquiv>
          <Unicode>das die boͤſen Geiſter / vnter der geſtalt vn⸗</Unicode>
        </TextEquiv>
      </TextLine>

      
      
      <TextLine id="eSc_line_83136868" >
        <Coords points="48,1341 48,1347 864,1352 866,1352 867,1352 891,1342 891,1336 889,1291 862,1281 861,1281 859,1281 857,1281 856,1281 842,1291 724,1291 714,1281 712,1281 711,1281 611,1281 609,1281 607,1281 606,1281 606,1283 604,1283 597,1291 594,1291 329,1283 328,1283 326,1283 324,1283 311,1291 204,1284 203,1284 201,1284 178,1293 156,1284 154,1284 153,1284 151,1284 149,1284 149,1286 141,1293 141,1294 46,1294 48,1341"/>
        <Baseline points="48,1341 891,1336"/>
        <TextEquiv>
          <Unicode>uernuͤnfftiger Thieren / nachſtellend / dieſe</Unicode>
        </TextEquiv>
      </TextLine>

      
      
      <TextLine id="eSc_line_0ccde36c" >
        <Coords points="466,1339 464,1339 463,1339 463,1341 461,1341 454,1349 441,1349 286,1341 284,1341 283,1341 281,1341 271,1351 174,1351 156,1341 154,1341 153,1341 91,1349 61,1341 59,1341 58,1341 56,1341 54,1341 46,1346 48,1396 48,1404 886,1402 887,1392 884,1347 468,1339 466,1339"/>
        <Baseline points="48,1396 887,1392"/>
        <TextEquiv>
          <Unicode>kommen auch denen mehrtheils hinder das</Unicode>
        </TextEquiv>
      </TextLine>

      
      
      <TextLine id="eSc_line_68534714" >
        <Coords points="797,1394 782,1394 739,1401 731,1394 731,1394 716,1394 689,1401 656,1394 647,1394 637,1394 604,1402 602,1402 596,1402 469,1394 464,1396 448,1396 436,1396 379,1402 366,1396 364,1396 356,1396 348,1402 129,1396 128,1396 126,1396 93,1404 64,1396 63,1396 61,1396 59,1396 58,1396 48,1402 49,1454 49,1467 886,1462 887,1449 884,1401 812,1394 797,1394"/>
        <Baseline points="49,1454 887,1449"/>
        <TextEquiv>
          <Unicode>Leder / welche faſt alle tag mit koͤſtlicher ſpeiß</Unicode>
        </TextEquiv>
      </TextLine>

      
      
      <TextLine id="eSc_line_7299244d" >
        <Coords points="49,1507 49,1519 882,1522 884,1507 882,1454 49,1461 49,1507"/>
        <Baseline points="49,1507 884,1507"/>
        <TextEquiv>
          <Unicode>vnnd tranck / jhren wangſt außfuͤllen / alſo /</Unicode>
        </TextEquiv>
      </TextLine>

      
      
      <TextLine id="eSc_line_6d5a96de" >
        <Coords points="51,1564 51,1570 159,1580 161,1582 161,1580 269,1572 323,1580 324,1580 516,1572 531,1580 533,1580 534,1580 536,1580 538,1580 569,1572 599,1580 601,1580 602,1580 766,1572 791,1580 792,1580 794,1580 796,1580 827,1572 867,1580 869,1580 871,1580 891,1570 891,1564 891,1519 867,1511 866,1511 864,1511 812,1519 662,1511 661,1511 659,1511 657,1511 647,1521 364,1521 331,1511 329,1511 328,1511 241,1519 233,1512 233,1511 231,1511 229,1511 168,1511 166,1511 51,1519 51,1564"/>
        <Baseline points="51,1564 891,1564"/>
        <TextEquiv>
          <Unicode>das nuͤchtere ſpeuweten gantz theuwer bey</Unicode>
        </TextEquiv>
      </TextLine>

      
      
      <TextLine id="eSc_line_565308e5" >
        <Coords points="872,1565 862,1565 832,1574 781,1565 779,1565 777,1565 776,1565 776,1567 766,1575 751,1565 749,1565 747,1565 746,1565 744,1565 714,1575 697,1567 694,1565 689,1565 674,1565 666,1569 631,1580 594,1570 573,1565 573,1565 556,1565 539,1565 536,1565 509,1570 503,1565 489,1565 486,1565 479,1570 471,1565 456,1565 451,1565 434,1574 421,1565 406,1565 391,1565 344,1574 269,1565 256,1565 248,1565 228,1575 189,1565 189,1565 176,1565 133,1587 123,1625 106,1625 89,1625 73,1625 59,1625 58,1627 59,1652 94,1640 126,1650 128,1650 129,1650 131,1650 174,1639 201,1647 203,1647 204,1647 258,1639 269,1647 271,1647 273,1647 274,1647 276,1647 306,1640 381,1647 396,1649 398,1649 431,1647 444,1645 446,1645 448,1645 448,1644 449,1644 456,1635 616,1644 644,1645 646,1645 682,1644 869,1630 891,1640 894,1615 887,1565 872,1565"/>
        <Baseline points="58,1627 894,1615"/>
        <TextEquiv>
          <Unicode>n iſt. Wir leſen auch das es bey denaltē</Unicode>
        </TextEquiv>
      </TextLine>

      
      
      <TextLine id="eSc_line_f2f6097d" >
        <Coords points="884,1625 856,1620 854,1620 852,1620 851,1620 829,1632 819,1669 821,1677 821,1705 892,1690 892,1674 891,1672 884,1625"/>
        <Baseline points="821,1677 892,1674"/>
        <TextEquiv>
          <Unicode>ein</Unicode>
        </TextEquiv>
      </TextLine>

      
    </TextRegion>
    

    
  </Page>
</PcGts>
