1174 1997
296 113 376 169 328
401 101 984 169 Von verblendung der
296 154 1137 231 ein allgemeiner brauch ſey geweſen / wider
296 211 1134 289 die bezauberung inn die ſchoſſe zů ſpeuwen /
298 267 1135 349 wie wir denn ſolches auß dem Griechiſchen
301 324 1050 406 Poeten Theocrito / abnemmen moͤgen.
349 391 1047 462 αs aui Baanavbö rpis asēuoi hurvαα nonwop.
461 442 992 515 Deßgleichen auß Duidio:
294 494 900 574 Deſpuat in molles, / am ibl quiſe ſinus.
624 552 812 620 Das iſt:
294 599 977 680 Begerſt vom Zauberer werden loß /
301 667 924 732 So ſpeuw dir ſelber in die ſchoß.
351 720 1140 795 Man hat auch etwan geglaubet / wie das
291 773 1137 853 mit groſſem getoͤß / deßgleichen mit vbelſtin
291 837 1139 908 ckender Kreutern rauch / der Lufftteuffeln
291 885 1139 961 anrennen abgewendet werde. Derohalben /
293 938 1135 1018 wie Gaudentius Merula im erſten Buch /
293 995 1140 1076 am fuͤnfften Capitel / ſchreibt. Die Italia⸗
291 1051 1142 1123 niſchen Weiber / als ob ſie auß der Academi
293 1109 1139 1189 corum officin her kaͤmen / noch heutiges tags
291 1168 1139 1239 ſo etwann ſchwere wetter fuͤrhanden / etwas
291 1224 1140 1289 ſtinckendes rauchs vnter dem bloſſen Him⸗
291 1278 1135 1357 mel mache. Die Prieſter aber / nach brauch
293 1336 1139 1412 vnd gewonheit der Tracier (welche denn / ſo
294 1391 1140 1469 ein vngewitter ſich erhůb / gewapnet / mit
294 1444 1140 1517 bloſſen Schwertern / traußtafelen / vñ grew
294 1504 1142 1580 lichem geſchrey gegen den Wolcken griß⸗
298 1559 1144 1647 meten) lauffen den nechſten den Glo⸗
1045 1625 1142 1715 cken
