1176 1998
76 113 884 183 boͤſen Geiſter / Das l lll. Buch. 329
44 163 884 238 cken zů / vnd ſetzen viel mehr auff derſelbigen
49 219 886 301 geleut / vñ geſchell / ſo bey Gott on alle krafft
46 278 884 354 abgeht / weder aber auff das betten / vnnd fa⸗
49 331 886 411 ſten. Es ſchreibet von ſeinen Landtsleuten
49 387 887 461 Dlaus Gothus ſchier auch auff ſolche wei⸗
51 442 891 522 ſe / das ſie nemlich ſo bald in dem gewuͤlck ein
51 501 887 581 getoͤß entſtanden / ſeind ſie mit jren Flitſch⸗
49 557 892 627 boͤgen vorhanden / vnnd ſchieſſen gegen dem
51 612 892 689 Himel einen pfeil vber den andern / der mei⸗
49 669 892 747 nung / daß ſie ( wie ſie meinen) jhren Goͤt⸗
51 725 886 795 tern / ſo von etlichen bekrieget werden / hilff
53 782 897 850 vnnd beyſtandt wider jhre Feindt beweiſen.
51 837 902 912 Laſſen ſich auch dieſer ſuperſtition vnd aber⸗
56 894 899 972 glauben nicht erſettigen / ſondern / habē auch
58 954 904 1030 grauſam groſſe ſchwere Haͤmmer / welche
61 1003 906 1085 ſie Jouialiſche Hammer nennen / welche
58 1062 906 1135 von jnen in hohen chren vñ fuͤr Heiligthum
64 1120 907 1198 gehalten / zů dem end / das ſie mit denſelbigē
61 1173 912 1252 ein getoͤß / den donderkloͤpffen / ſo ſie denn
63 1232 907 1303 auch mit Haͤmmern zůgehn / vermeineten /
66 1287 912 1363 gleichfoͤrmig erweckend. Solcher brauch
63 1346 916 1411 warde bey jnen fuͤr einen gantz andechtigen
68 1400 916 1471 Gottesdienſt geacht vnd gehalten / hat auch
63 1460 921 1528 biß nach Chriſti geburt / ein tauſent / ein hun
63 1511 921 1588 dert vnnd dreiſſig Jar verharꝛlich bey jhnen
66 1566 921 1655 gewehret. Bey vnſern Voreltern / iſt auß
724 1626 921 1703 vngeſun⸗
514 1636 548 1704 r
558 1631 606 1699 r
