1174 1997
291 116 371 166 220
461 106 985 176 Von verblendung der
284 156 1127 239 vngeſunder Lehr der Pfarꝛhermn ein lange
286 214 1125 286 zeit / ein falſcher wohn eingeriſſen / ſo Arte⸗
286 269 1127 344 miſia / das iſt / Beyfuß oder Sonnenwendel
286 322 1120 409 an Sanet Johannes deß Teuffers tag / fuͤr
286 381 1122 460 das hauß gehenckt / deßgleichen ander ge⸗
284 439 1125 512 wechß / Kreutter / Kertzen / Facklen / auff etli⸗
286 492 1127 567 che gewiſſe Feſtstag / mit Weihwaſſer ge⸗
286 550 1120 632 ſpritzt / od ſonſt ich weiß mit wie verſegnet /
283 607 1122 685 vnd ſo es die fuͤrfallende not erfordert / ange⸗
286 660 1120 740 zuͤndet werden / ſeien ſie gůt wider allerley
283 725 1125 797 vngewitter / blitz / donder ( wider welche man
283 775 1122 850 deñ auch hauffechtig / den aller nechſten den
286 833 1114 905 Glocken / als einer gewiſſen hilff / zůlauffet)
288 887 1120 955 Item / wider deß Teuffels gewalt / werck /
281 943 1120 1021 verzauberen / zůbrauchen. Aber es ſollen
279 1003 1122 1075 veraltete / falſche wohn vnnd meinung nicht
279 1056 1122 1126 mehr / denn die gruͤndtliche warheit bey vnd
278 1108 1122 1193 vnter vns geltē / der glaub iſts / als ein Geiſt⸗
278 1166 1120 1244 liches mittel / dardurch der Teuffel außge⸗
279 1223 1122 1296 trieben wirdt / deßgleichen Gottes wort / ſo
279 1276 1120 1357 durch den nachtruck deß heiligen Geiſtes
279 1332 1119 1414 krefftig iſt. Deſſen denn vralte zeugknuß
278 1387 1122 1472 vnd Exempel / in der heiligen Geſchrifft / Al
278 1444 1120 1524 tes vnnd Neuwen Teſtaments vorhanden
278 1502 1117 1569 ſind. Gleiches aberglaubens ſind die Wei⸗
279 1560 1114 1664 ber zwiſchen Piſen vi Bononiain Italien/
1050 1639 1119 1694 an
