<?xml version="1.0" encoding="UTF-8"  standalone="yes"?>
<PcGts xmlns="http://schema.primaresearch.org/PAGE/gts/pagecontent/2019-07-15" xmlns:xsi="http://www.w3.org/2001/XMLSchema-instance" xsi:schemaLocation="http://schema.primaresearch.org/PAGE/gts/pagecontent/2019-07-15 http://schema.primaresearch.org/PAGE/gts/pagecontent/2019-07-15/pagecontent.xsd">
  <Metadata externalRef="https://content.staatsbibliothek-berlin.de/dc/813172837-0035/full/full/0/default.jpg">
	<Creator>escriptorium</Creator>
	<Created>2023-02-28T13:53:06.446253+00:00</Created>
        <LastChange>2023-02-28T13:53:06.446269+00:00</LastChange>
  </Metadata>
  <Page imageFilename="34_af602_default.jpg" imageWidth="1191" imageHeight="1997">
    <TextRegion id="eSc_textblock_6c2a9363"  >
      <Coords points="166,119 737,119 917,146 911,1709 786,1715 764,1655 59,1649 59,206 144,173 166,119"/>
      <TextLine id="eSc_line_a31f0fcc" >
        <Coords points="897,143 881,139 864,138 847,134 831,133 809,133 806,129 804,128 797,128 781,126 777,124 772,128 766,123 764,123 747,121 731,119 714,119 697,119 681,119 677,119 669,128 666,129 661,128 631,119 631,119 614,119 611,119 602,126 597,133 553,133 538,126 523,119 514,119 504,119 494,124 483,131 453,124 431,119 431,119 414,119 408,119 401,123 393,128 374,123 363,119 348,119 334,119 329,121 308,129 269,129 256,121 254,119 248,119 231,119 214,119 198,119 181,119 164,121 164,176 164,186 899,193 901,176 899,143 897,143"/>
        <Baseline points="164,176 901,176"/>
        <TextEquiv>
          <Unicode>boͤſen Geiſter / Das III. Bůch</Unicode>
        </TextEquiv>
      </TextLine>
      <TextLine id="eSc_line_c13da0a2" >
        <Coords points="114,183 98,189 81,196 69,201 66,232 64,244 901,242 902,237 901,191 536,191 533,189 476,181 474,181 473,181 471,181 461,189 461,191 388,191 384,189 346,179 344,179 343,179 178,188 168,179 166,179 164,179 123,179 114,183"/>
        <Baseline points="66,232 902,237"/>
        <TextEquiv>
          <Unicode>Hindennach als ers lang getrieben / hat er</Unicode>
        </TextEquiv>
      </TextLine>
      <TextLine id="eSc_line_4d78125a" >
        <Coords points="63,286 61,296 71,302 73,302 74,302 76,302 199,296 271,306 273,306 338,297 364,306 366,306 368,306 476,297 483,306 484,306 484,307 486,307 488,307 489,307 657,299 704,309 706,309 899,299 901,292 899,244 63,241 63,286"/>
        <Baseline points="63,286 901,292"/>
        <TextEquiv>
          <Unicode>ein kleins / glats / herts ſteinlin außgeſpewet /</Unicode>
        </TextEquiv>
      </TextLine>
      <TextLine id="eSc_line_40aed063" >
        <Coords points="63,341 61,354 662,354 666,354 691,362 692,362 694,362 902,354 904,347 904,304 754,296 752,296 751,296 732,302 726,304 717,302 686,294 684,294 682,294 642,302 637,302 631,302 602,294 601,294 599,294 394,301 358,301 356,301 349,294 349,292 348,292 346,292 344,292 299,299 288,301 274,299 204,291 203,291 201,291 199,291 189,299 188,299 154,291 153,291 151,291 149,291 148,291 136,299 133,299 63,299 63,341"/>
        <Baseline points="63,341 904,347"/>
        <TextEquiv>
          <Unicode>vermeint auch wenn er ſich nicht rhats ge⸗</Unicode>
        </TextEquiv>
      </TextLine>
      <TextLine id="eSc_line_a5fe478e" >
        <Coords points="66,401 64,416 902,417 906,406 906,359 882,351 881,351 879,351 747,359 741,359 739,359 716,351 714,351 712,351 672,359 669,359 666,359 627,349 626,349 624,349 622,349 621,349 609,357 556,349 554,349 553,349 519,357 518,357 509,357 279,347 278,347 66,354 66,401"/>
        <Baseline points="66,401 906,406"/>
        <TextEquiv>
          <Unicode>pflegt hette / wuͤrde er nach vnd nach / wie die</Unicode>
        </TextEquiv>
      </TextLine>
      <TextLine id="eSc_line_d3024756" >
        <Coords points="63,457 61,470 901,474 904,462 902,416 63,406 63,457"/>
        <Baseline points="63,457 904,462"/>
        <TextEquiv>
          <Unicode>ſo mit der ſchweinſucht beladen / außgezindt</Unicode>
        </TextEquiv>
      </TextLine>
      <TextLine id="eSc_line_53e155f1" >
        <Coords points="864,462 862,462 767,469 737,462 727,462 711,462 704,462 594,470 581,470 576,470 534,460 528,460 519,460 498,469 496,469 446,460 444,460 428,460 403,469 398,469 394,469 364,460 361,460 344,460 339,459 324,467 324,469 288,469 288,467 278,459 266,459 244,467 243,467 234,459 228,459 211,459 194,459 178,459 171,459 61,464 61,510 59,519 566,532 568,532 902,525 904,519 904,474 866,462 864,462"/>
        <Baseline points="61,510 904,519"/>
        <TextEquiv>
          <Unicode>vnd geſtorben ſein. Es iſt auch / deſſeich ſelbs</Unicode>
        </TextEquiv>
      </TextLine>
      <TextLine id="eSc_line_4cc9eaa0" >
        <Coords points="617,517 584,520 526,525 486,520 458,517 456,517 358,520 294,524 291,522 286,517 286,515 284,515 283,515 281,515 279,515 263,522 258,524 253,522 238,515 236,515 234,515 64,522 64,570 63,584 894,585 897,575 892,519 856,527 727,519 711,519 709,519 704,519 667,527 632,520 619,517 617,517"/>
        <Baseline points="64,570 897,575"/>
        <TextEquiv>
          <Unicode>gedenck / einem Buͤrger zů Duißberg auff</Unicode>
        </TextEquiv>
      </TextLine>
      <TextLine id="eSc_line_8ba68c32" >
        <Coords points="851,575 779,585 777,585 752,575 751,575 749,575 747,575 746,575 731,585 699,575 697,575 696,575 647,585 641,585 632,585 556,574 554,574 508,584 506,584 321,584 306,584 283,572 281,572 279,572 263,572 246,572 229,572 213,572 196,572 179,572 171,572 169,572 168,572 166,572 151,582 148,582 96,572 94,572 93,572 63,580 63,624 61,637 902,635 904,629 902,587 852,575 851,575"/>
        <Baseline points="63,624 904,629"/>
        <TextEquiv>
          <Unicode>ein zeit alſo gegangen. Der verzuͤmpt Me⸗</Unicode>
        </TextEquiv>
      </TextLine>
      <TextLine id="eSc_line_65c4a455" >
        <Coords points="219,625 218,625 216,625 61,632 61,680 59,692 896,700 899,688 896,632 851,642 746,642 731,632 729,630 727,630 726,630 724,630 712,632 667,640 566,640 553,632 548,629 546,629 544,629 543,629 541,629 533,632 521,637 514,632 511,629 509,629 508,629 506,629 459,632 398,637 338,632 271,627 269,627 244,632 233,635 229,632 221,625 219,625"/>
        <Baseline points="61,680 899,688"/>
        <TextEquiv>
          <Unicode>dicus D. Ronerus Solenander hatt noch</Unicode>
        </TextEquiv>
      </TextLine>
      <TextLine id="eSc_line_a34fefc6" >
        <Coords points="63,737 61,753 896,753 897,743 896,692 63,683 63,737"/>
        <Baseline points="63,737 897,743"/>
        <TextEquiv>
          <Unicode>heutigs tags einen ſtein / einer bonen groß /</Unicode>
        </TextEquiv>
      </TextLine>
      <TextLine id="eSc_line_9104a6f8" >
        <Coords points="816,743 777,748 757,752 746,748 727,743 726,743 724,743 722,743 711,748 702,753 696,748 687,743 686,743 684,743 538,742 536,742 534,742 533,742 533,743 526,748 518,757 366,757 339,748 314,742 313,742 311,742 309,742 288,748 268,753 234,748 206,743 204,743 203,743 191,748 181,752 176,748 166,740 164,740 163,740 161,740 159,740 158,740 146,748 138,740 136,740 134,740 133,740 61,747 61,793 59,802 79,810 81,810 83,810 902,807 904,798 904,750 817,743 816,743"/>
        <Baseline points="61,793 904,798"/>
        <TextEquiv>
          <Unicode>welchen er anno 1553. außgeſchnitten hatt</Unicode>
        </TextEquiv>
      </TextLine>
      <TextLine id="eSc_line_1f698cb5" >
        <Coords points="659,798 657,798 639,807 637,807 616,798 614,798 612,798 611,798 594,807 593,808 491,808 488,807 461,797 459,797 458,797 61,803 61,848 59,863 904,860 906,852 906,808 661,798 659,798"/>
        <Baseline points="61,848 906,852"/>
        <TextEquiv>
          <Unicode>in dem Spital zů Piſen aus ſiniſtris pulmo⸗</Unicode>
        </TextEquiv>
      </TextLine>
      <TextLine id="eSc_line_0c7fba21" >
        <Coords points="61,905 59,916 901,920 904,910 902,862 61,858 61,905"/>
        <Baseline points="61,905 904,910"/>
        <TextEquiv>
          <Unicode>nibus eines juͤnglings / ſo an d´ſchweinſucht</Unicode>
        </TextEquiv>
      </TextLine>
      <TextLine id="eSc_line_b0177b2e" >
        <Coords points="727,910 711,910 709,910 632,918 614,921 526,921 521,918 501,910 499,910 498,910 496,910 464,918 461,918 456,918 399,910 398,910 396,910 371,918 364,920 361,918 351,910 349,910 348,910 346,910 303,918 289,920 276,918 241,911 239,911 61,916 63,968 64,985 98,973 121,983 123,983 124,983 126,983 128,983 141,973 208,981 209,981 211,981 213,981 226,973 331,980 333,980 334,980 336,980 349,971 463,971 494,980 498,981 499,981 501,981 514,980 588,971 602,980 604,980 606,980 607,981 876,981 876,980 877,980 879,980 882,976 889,970 897,976 904,963 901,920 751,920 751,918 732,910 727,910"/>
        <Baseline points="63,968 904,963"/>
        <TextEquiv>
          <Unicode>geſtorben war / als er lang vom hůſten geue⸗</Unicode>
        </TextEquiv>
      </TextLine>
      <TextLine id="eSc_line_ef8dd523" >
        <Coords points="61,1020 59,1026 901,1030 904,1023 902,976 61,973 61,1020"/>
        <Baseline points="61,1020 904,1023"/>
        <TextEquiv>
          <Unicode>xiert / vnnd vor dreien jaren einzůdorren an⸗</Unicode>
        </TextEquiv>
      </TextLine>
      <TextLine id="eSc_line_82fbe37f" >
        <Coords points="846,1023 829,1023 816,1023 801,1028 799,1028 747,1023 746,1023 729,1023 712,1023 696,1023 682,1023 641,1028 619,1031 556,1031 553,1028 548,1023 546,1023 529,1023 513,1023 496,1023 493,1021 381,1026 288,1030 274,1026 261,1023 259,1023 258,1023 256,1023 246,1026 231,1031 63,1026 64,1081 66,1098 96,1088 114,1096 116,1096 118,1096 119,1096 121,1096 121,1095 129,1088 179,1096 181,1096 228,1088 328,1096 341,1096 343,1096 344,1096 346,1096 358,1086 486,1095 501,1095 503,1095 519,1095 629,1086 714,1093 734,1093 736,1093 737,1093 739,1093 739,1091 747,1085 766,1091 771,1093 772,1093 774,1093 902,1090 904,1076 901,1030 854,1023 846,1023"/>
        <Baseline points="64,1081 904,1076"/>
        <TextEquiv>
          <Unicode>gefangen / biß er letſtlich den geiſt auffge⸗</Unicode>
        </TextEquiv>
      </TextLine>
      <TextLine id="eSc_line_e359c802" >
        <Coords points="461,1080 444,1080 431,1080 319,1086 301,1086 298,1086 286,1081 278,1081 261,1081 254,1081 244,1085 244,1086 176,1086 174,1085 169,1081 161,1081 144,1081 128,1081 111,1081 99,1081 61,1083 61,1131 59,1141 299,1141 303,1141 328,1149 329,1149 331,1149 386,1143 398,1141 409,1143 456,1149 458,1149 459,1149 478,1143 481,1141 483,1143 491,1151 493,1151 494,1151 496,1151 571,1143 583,1143 589,1143 631,1151 632,1151 634,1151 651,1144 654,1143 664,1144 716,1151 717,1151 904,1144 906,1138 906,1090 872,1081 871,1081 869,1081 654,1088 652,1088 642,1080 641,1080 639,1080 637,1080 508,1088 488,1088 484,1088 466,1080 461,1080"/>
        <Baseline points="61,1131 906,1138"/>
        <TextEquiv>
          <Unicode>ben hat. Der ſtein iſt vngleich / rauch / nicht</Unicode>
        </TextEquiv>
      </TextLine>
      <TextLine id="eSc_line_1ec203a3" >
        <Coords points="829,1138 827,1138 826,1138 809,1146 762,1138 757,1138 756,1138 751,1138 697,1146 631,1139 602,1136 601,1136 599,1136 593,1139 579,1144 553,1139 536,1136 534,1136 516,1139 489,1144 391,1139 268,1134 266,1134 63,1141 63,1188 61,1199 901,1206 904,1193 901,1138 857,1146 831,1138 829,1138"/>
        <Baseline points="63,1188 904,1193"/>
        <TextEquiv>
          <Unicode>ſonders ſchwer / vnnd wie ein Ey geſtaltet.</Unicode>
        </TextEquiv>
      </TextLine>
      <TextLine id="eSc_line_46e5350c" >
        <Coords points="811,1193 801,1193 794,1198 792,1201 677,1201 669,1198 644,1193 627,1193 626,1191 607,1198 601,1199 597,1198 584,1191 583,1191 581,1191 533,1198 519,1199 513,1198 489,1191 478,1191 466,1191 409,1198 403,1198 394,1198 334,1189 328,1189 288,1198 283,1198 274,1198 211,1189 209,1189 61,1196 61,1244 59,1258 902,1261 906,1248 904,1199 824,1193 811,1193"/>
        <Baseline points="61,1244 906,1248"/>
        <TextEquiv>
          <Unicode>Derhalben iſt aus dieſen allenſammen kund</Unicode>
        </TextEquiv>
      </TextLine>
      <TextLine id="eSc_line_8b5fb6ac" >
        <Coords points="61,1299 59,1309 899,1318 902,1304 901,1254 61,1249 61,1299"/>
        <Baseline points="61,1299 902,1304"/>
        <TextEquiv>
          <Unicode>bar / daß die aſpera arteria / dieweil ſie ſo eng /</Unicode>
        </TextEquiv>
      </TextLine>
      <TextLine id="eSc_line_ff4019a0" >
        <Coords points="404,1303 314,1309 298,1309 294,1309 274,1301 273,1301 271,1301 61,1306 61,1354 59,1361 273,1372 274,1372 906,1367 907,1361 906,1314 406,1303 404,1303"/>
        <Baseline points="61,1354 907,1361"/>
        <TextEquiv>
          <Unicode>darzů kroͤſpelechtig vonn ſouiel groſſer / di⸗</Unicode>
        </TextEquiv>
      </TextLine>
      <TextLine id="eSc_line_9d650a3c" >
        <Coords points="59,1412 58,1422 904,1431 907,1417 907,1374 881,1362 879,1362 877,1362 876,1362 874,1362 861,1372 787,1364 786,1364 784,1364 751,1372 712,1362 711,1362 709,1362 664,1371 626,1361 624,1361 622,1361 621,1361 619,1361 607,1371 526,1362 524,1362 476,1371 444,1361 443,1361 441,1361 386,1369 343,1359 341,1359 339,1359 293,1369 163,1359 161,1359 159,1359 158,1359 143,1371 71,1371 59,1412"/>
        <Baseline points="59,1412 907,1417"/>
        <TextEquiv>
          <Unicode>cker / ſeltzam geformierter materifrey / vnnd</Unicode>
        </TextEquiv>
      </TextLine>
      <TextLine id="eSc_line_a9c95d32" >
        <Coords points="862,1417 812,1426 807,1427 806,1426 797,1419 797,1417 796,1417 794,1417 792,1417 776,1417 759,1417 757,1417 756,1417 754,1417 739,1426 739,1427 737,1426 726,1417 724,1417 722,1417 721,1417 672,1426 664,1427 659,1426 631,1417 626,1417 617,1416 601,1424 554,1416 553,1416 476,1426 473,1426 469,1426 421,1416 419,1416 418,1416 396,1426 394,1426 388,1426 304,1417 303,1417 238,1424 216,1414 214,1414 213,1414 71,1424 59,1467 58,1474 98,1484 99,1484 294,1477 334,1477 343,1479 376,1486 378,1487 906,1487 907,1472 906,1427 864,1417 862,1417"/>
        <Baseline points="59,1467 907,1472"/>
        <TextEquiv>
          <Unicode>dieſelbig weder auß / noch einzulaſſen tuͤ⸗</Unicode>
        </TextEquiv>
      </TextLine>
      <TextLine id="eSc_line_682d89de" >
        <Coords points="742,1472 741,1472 739,1472 679,1481 644,1472 642,1472 641,1472 639,1472 614,1482 589,1472 588,1472 586,1472 584,1472 583,1472 568,1482 474,1474 473,1474 429,1482 406,1472 404,1472 403,1472 401,1472 374,1481 333,1472 331,1472 329,1472 328,1472 328,1474 318,1484 263,1484 251,1472 249,1472 248,1472 143,1472 141,1472 139,1472 118,1484 61,1484 61,1527 63,1546 94,1537 174,1546 179,1546 181,1546 189,1546 309,1537 386,1546 398,1546 399,1546 411,1546 481,1537 904,1542 906,1527 906,1484 802,1484 794,1476 794,1474 792,1474 791,1474 789,1474 756,1481 744,1472 742,1472"/>
        <Baseline points="61,1527 906,1527"/>
        <TextEquiv>
          <Unicode>genlich iſt. Daher denn krefftiglichen er⸗</Unicode>
        </TextEquiv>
      </TextLine>
      <TextLine id="eSc_line_3ceb5e64" >
        <Coords points="481,1529 479,1529 478,1529 476,1529 456,1536 451,1537 441,1536 391,1529 389,1529 388,1529 366,1536 359,1537 341,1536 291,1529 289,1529 288,1529 273,1536 264,1537 61,1534 61,1582 59,1595 904,1599 907,1585 907,1541 872,1531 871,1531 781,1531 779,1531 777,1531 776,1531 776,1532 771,1537 764,1532 764,1531 762,1531 761,1531 759,1531 702,1539 694,1539 689,1539 662,1531 661,1531 659,1531 657,1531 656,1531 644,1537 641,1541 496,1541 491,1537 483,1529 481,1529"/>
        <Baseline points="61,1582 907,1585"/>
        <TextEquiv>
          <Unicode>folget / wenn anders vorgemelte ſtuͤck inn⸗</Unicode>
        </TextEquiv>
      </TextLine>
      <TextLine id="eSc_line_1fef7231" >
        <Coords points="61,1637 59,1660 118,1655 129,1664 134,1667 136,1667 138,1667 186,1669 188,1669 189,1669 199,1664 216,1655 296,1655 323,1664 344,1670 346,1670 348,1670 431,1664 474,1660 511,1664 576,1670 578,1670 579,1670 597,1664 619,1657 639,1664 662,1672 664,1672 666,1672 761,1664 831,1659 902,1664 906,1642 904,1592 61,1590 61,1637"/>
        <Baseline points="61,1637 906,1642"/>
        <TextEquiv>
          <Unicode>wendig im leib / vnnd nicht allein im mund</Unicode>
        </TextEquiv>
      </TextLine>
      <TextLine id="eSc_line_0a2e1ce1" >
        <Coords points="781,1689 781,1702 781,1717 906,1709 906,1699 902,1655 849,1649 847,1649 789,1660 781,1689"/>
        <Baseline points="781,1702 906,1699"/>
        <TextEquiv>
          <Unicode>gewe⸗</Unicode>
        </TextEquiv>
      </TextLine>
    </TextRegion>
  </Page>
</PcGts>
