1185 1998
110 106 900 176 boͤſen Geiſter / Das llIl. Buch 331
56 158 898 233 an dem Berg Apennino wonhafft / welche
60 214 896 288 ſo bald ein wetter angegangen / fůr die Heu⸗
60 273 896 349 ſer herauß lauffen / vnd das wetter mit auff⸗
56 328 898 402 gehebten henden verzeichenen / durch einen
56 382 898 461 Kaß / welchen ſie anff vnſers Hergotts Auf⸗
58 441 898 514 farts tag / trucken / vnd vber zwerg ein Creutz
56 497 896 564 mit einem ſeil darein machten / denn ſie jhe
60 559 900 627 hierdurch vnuer letzet von dem vngewitter
58 609 901 682 zůbleiben vermeinen. Eben an gemeltem
58 662 903 739 ort / behalten ſie ein Ey / ſo auff die Auffart
60 719 898 790 gelegt / binden es zů oͤbereſt vnter das dache /
58 774 901 852 vñ halten fuͤr gantz gewiß / daß ſolches hauß /
58 830 905 902 daſſelbig gantze jar / vor allem vngewitter ſi⸗
60 887 906 964 cher ſeie. Etliche legen einen Tiſch dar / mit⸗
60 950 908 1012 ten in der Schlafftammern / vnnd legen ei⸗
60 999 908 1067 nen Donnerbeuttel zwiſchen zwo brenneu⸗
63 1053 910 1127 de Wachßkertzen / welcher denn alſo balde
63 1110 906 1185 ſchwitzet / das ſie fuͤr ein groß mirackel vnnd
61 1173 906 1237 wunder halten / ſo es doch natuͤrlicher wei⸗
65 1223 911 1295 ſe / nicht anderß denn wie wir geſehen / die
66 1280 913 1351 Glaßfenſter inn einer gewaͤrmten Stůben
68 1338 411 1416 ſchwitzen / zůgcht.
115 1451 915 1511 Daß mit keiner Wurtzel der Ceuffel herauß
70 1498 920 1563 gezogen werde / wider Joſephum / vnnd von
71 1545 703 1636 der wurtzeln / ſo genannt Baaras⸗
806 1638 921 1704 St.
