1174 1997
298 128 351 188 33
476 113 1002 184 Von verblendung der
496 171 927 229 Das Xwill. Capitel.
407 214 1122 294 As ſich aber Joſephus im achten
401 272 1122 346 Bůch Juͤdiſcher autiquiteten / am an
407 331 1120 406 dern Capitel rhuͤmet / er habe in ge⸗
288 394 1124 464 genwertigkeit Keyſer Veſpaſiani einen He
283 444 1124 517 breer / mit namen Eleazarum geſehen / wel⸗
284 497 1124 574 cher etwan einem / vom Teufel beſeſſenen
283 564 1122 630 menſchen / ein ring / daran die Wurtzel von
284 612 1120 683 Salamon erfunden / fuͤr die naſen gehebt /
283 668 1124 742 vnnd ſo bald er daran geſchmeckt / den boͤſen
283 723 1122 802 Geiſt herauß gezogen / vnd nach dem er zu
279 782 1120 855 boden gefallen / den ſelbigen mit dem cantico
281 842 1124 910 Coniurationis Salomonis / proſeribiert
281 891 1119 960 habe. Hirzu koͤnnen wir nicht anderſt ſagen /
281 948 1117 1023 das die drey alle zumal Joſephus nemlich
281 1003 1124 1076 als ein Jud / Veſpaſianus als ein Heid / vnd
281 1063 1124 1134 Eleazarus der Hebreer / vonn dem Teuffel
284 1126 1119 1189 gefatzet / vnnd vmbgetrieben ſeyen worden /
279 1174 1119 1249 welcher ſich denn / als ob er durch die krafft
279 1229 1120 1304 der wurtzeln / ſo Salomon zugeſchrieben / he
279 1291 1117 1364 rauß gezogen wuͤrde: So er doch frey willig
276 1344 1117 1419 lichen / auß Gottes verhengknuß gewichen
278 1401 1117 1474 iſt / denn er nit mehr denn dergleichen thut /
278 1462 1119 1526 als ob er bezwungen wuͤrde / darmit vnd das
278 1516 1120 1589 er die Leute deſter liſtigklicher betrige. Zu dē
274 1567 1115 1659 man dem ring / vnd der wurtzeln / ſo
1002 1634 1117 1719 einen
