1167 1997
278 133 975 198 224. Von verblendung der
278 189 1117 264 tuͤrliche Magi genannt mag werden: Es
278 247 1117 322 wolte denn vielleicht jemandts argwoͤni⸗
276 299 1118 369 ſchen vermeinen / das er nachmals von we⸗
278 357 1120 426 gen der Abgoͤtterey ſeinen Weibern zů wol⸗
276 412 1117 482 gefallen auffgericht / auch in ſolche wunder⸗
276 467 1117 540 fitzige kunſt geſuncken were. Es iſt villeicht
273 525 1115 605 eben die Wurtzel geweſen / weiche Joſephus
274 580 1118 659 ſelbſt ſonſt an einem ort beſchreibet / mit ſol⸗
274 637 1117 713 lichen worten / die ich allhie zů mehrer entde⸗
273 693 1113 773 rkung deß Teuffels betrůgs vnnd beſcheiß⸗
273 750 1115 827 wercks / nicht vnterlaſſen kan. Inn dem⸗
273 802 1115 882 Thall / ſo von Mitternacht her / an die
274 858 1115 941 Statt Macherus inn Judea ſtoßt / iſt et⸗
269 916 1113 995 wan ein ort Baaras genannt / an welchem
269 971 1115 1051 ein Wurtzel gleiches nammens wechſet / iſt
269 1028 1107 1109 farb halben einem fewerflammen aͤhnlich /
269 1085 1117 1163 auff den abendt gibt ſie heitere ſireimen von
271 1139 1112 1219 jhren / ſo jemandts ſich / willens ſie außzů⸗
268 1198 1107 1279 reiſſen / hinzů thůt / mag ers nicht leichtlich
269 1258 1112 1331 zů wegen bringen / denn ſie weichet hinder⸗
266 1311 1108 1384 ſich vnd bleibet nicht / biß daß einer Weiber
266 1366 1103 1442 biůt / oder menſtruum ſanguinem darauff
268 1421 1108 1504 geuſſet. Ja wol ein anderß / wenn ſie ſchon
264 1484 1107 1552 als denn jemands anruͤrete / iſt es ſein gewiſ⸗
261 1534 1108 1614 ſer todt / es ſeie denn ſach / daß er eben derſel⸗
263 1590 1107 1684 bigen Wurtzlen eine an dem arm hangend
968 1667 1108 1772 trilge⸗
