<?xml version="1.0" encoding="UTF-8"  standalone="yes"?>
<PcGts xmlns="http://schema.primaresearch.org/PAGE/gts/pagecontent/2019-07-15" xmlns:xsi="http://www.w3.org/2001/XMLSchema-instance" xsi:schemaLocation="http://schema.primaresearch.org/PAGE/gts/pagecontent/2019-07-15 http://schema.primaresearch.org/PAGE/gts/pagecontent/2019-07-15/pagecontent.xsd">
  <Metadata externalRef="https://content.staatsbibliothek-berlin.de/dc/813172837-0355/full/full/0/default.jpg">
	<Creator>escriptorium</Creator>
	<Created>2023-03-06T11:57:52.863277+00:00</Created>
        <LastChange>2023-03-06T11:57:52.863295+00:00</LastChange>

  </Metadata>
  <Page imageFilename="354_04755_default.jpg" imageWidth="1190" imageHeight="1997">

    
    <TextRegion id="eSc_textblock_698a4240"  >
      <Coords points="79,113 897,139 903,1702 805,1702 730,1649 46,1642 33,219 79,113"/>
      
      
      <TextLine id="eSc_line_309d6b11" >
        <Coords points="873,138 857,138 840,136 823,136 807,136 790,134 773,134 770,134 757,134 740,134 723,133 707,133 690,133 682,134 634,134 629,129 624,129 607,129 590,129 574,128 557,128 540,128 524,126 507,126 490,126 482,124 467,126 459,124 457,124 441,124 424,123 407,123 391,123 377,121 362,128 352,121 341,121 324,119 307,119 291,119 274,118 257,118 241,118 224,116 208,116 194,116 178,123 168,114 158,114 141,114 124,113 108,113 91,113 76,118 76,171 74,176 123,186 124,186 204,179 224,178 236,179 277,188 279,188 401,183 467,179 476,183 484,189 485,189 487,189 489,189 490,189 509,184 520,181 882,189 885,178 882,138 873,138"/>
        <Baseline points="76,171 885,178"/>
        <TextEquiv>
          <Unicode>boͤſen Geiſter / Dasllll. Buch. 335</Unicode>
        </TextEquiv>
      </TextLine>

      
      
      <TextLine id="eSc_line_8a4ca80c" >
        <Coords points="838,178 822,178 805,178 788,178 772,178 767,178 762,183 712,183 707,178 705,178 689,178 682,176 675,181 662,176 655,176 639,176 624,176 604,181 594,176 589,176 572,176 569,176 560,183 499,183 489,176 489,176 472,174 461,174 427,183 376,174 372,174 356,174 354,174 306,183 211,173 209,173 208,173 171,183 64,173 63,173 61,173 48,179 39,199 41,231 41,237 144,246 146,246 193,237 198,237 203,237 229,246 231,246 233,246 287,237 294,237 297,237 324,246 326,246 327,246 329,246 362,237 366,237 885,237 887,227 883,183 838,178 838,178"/>
        <Baseline points="41,231 887,227"/>
        <TextEquiv>
          <Unicode>rruͤge. Sie wirdt aber auch noch auff ein</Unicode>
        </TextEquiv>
      </TextLine>

      
      
      <TextLine id="eSc_line_47101839" >
        <Coords points="41,287 41,299 482,296 497,297 550,304 552,304 554,304 577,296 582,296 599,296 699,304 700,304 702,304 718,296 725,302 725,304 727,304 728,304 730,306 790,306 790,304 792,304 808,296 850,304 852,304 853,304 883,294 883,287 883,241 862,232 860,232 858,232 805,241 723,232 722,232 670,241 659,232 657,232 655,232 654,232 652,232 627,241 614,232 612,232 610,232 609,232 534,241 510,232 509,232 507,232 505,232 504,232 504,234 495,242 426,242 374,232 372,232 331,241 193,232 191,232 189,232 188,232 178,241 153,232 151,232 149,232 148,232 121,241 96,232 94,232 93,232 41,241 41,287"/>
        <Baseline points="41,287 883,287"/>
        <TextEquiv>
          <Unicode>andere weiß / vnnd das ohn alle gefahr / auß⸗</Unicode>
        </TextEquiv>
      </TextLine>

      
      
      <TextLine id="eSc_line_f2ea824c" >
        <Coords points="878,289 872,289 863,296 765,296 755,289 745,289 742,289 735,296 612,296 587,289 579,289 562,289 552,289 550,291 539,297 476,292 429,289 429,289 412,289 396,289 379,289 362,289 359,289 304,297 286,299 282,297 272,291 271,291 269,291 59,291 58,291 56,291 54,291 46,297 48,347 48,359 238,351 386,357 406,357 407,357 409,357 411,357 411,356 419,349 579,356 597,356 599,356 600,356 602,356 612,347 887,352 890,339 882,282 878,284 878,289"/>
        <Baseline points="48,347 890,339"/>
        <TextEquiv>
          <Unicode>gegraben / nemlich alſo: Man vmbgrebet</Unicode>
        </TextEquiv>
      </TextLine>

      
      
      <TextLine id="eSc_line_35e6680c" >
        <Coords points="629,342 604,351 602,351 597,351 532,344 529,344 512,344 507,344 482,351 331,346 329,346 312,346 296,346 279,346 272,346 266,352 239,346 229,346 223,346 211,352 206,347 196,347 179,347 163,347 146,347 129,347 113,347 96,347 79,347 63,347 53,347 46,352 48,401 49,416 78,407 164,416 178,416 179,416 181,416 183,416 199,407 269,407 277,414 279,416 281,416 282,416 284,417 327,417 327,416 329,416 331,416 332,414 342,406 381,412 389,414 391,414 392,414 396,412 414,406 422,412 424,414 426,414 427,414 429,414 431,414 436,412 454,406 502,412 524,414 525,416 595,416 595,414 597,414 599,414 602,411 609,406 615,411 617,412 619,412 620,412 622,412 892,407 892,396 887,349 672,349 645,342 629,342"/>
        <Baseline points="48,401 892,396"/>
        <TextEquiv>
          <Unicode>ſie ringsweiß gantz vnnd gar / alſo / daß nicht</Unicode>
        </TextEquiv>
      </TextLine>

      
      
      <TextLine id="eSc_line_4bfd0305" >
        <Coords points="560,399 559,399 557,399 539,409 537,409 532,409 479,399 477,399 476,399 474,399 474,401 466,409 464,409 456,407 394,399 392,399 376,399 374,399 349,407 347,407 346,407 286,401 276,401 259,401 242,401 238,401 204,407 201,407 196,407 166,401 159,401 143,401 126,401 114,401 43,406 43,452 41,459 887,469 890,455 888,411 660,399 659,399 657,399 655,399 644,409 642,411 585,411 584,409 562,399 560,399"/>
        <Baseline points="43,452 890,455"/>
        <TextEquiv>
          <Unicode>mehr denn die aller euſſerſten zaͤſerlein von</Unicode>
        </TextEquiv>
      </TextLine>

      
      
      <TextLine id="eSc_line_5b067c3d" >
        <Coords points="845,455 828,455 827,455 787,462 783,462 775,462 649,455 645,455 629,455 612,455 610,455 595,462 592,462 582,460 542,455 529,455 515,455 477,460 462,462 454,460 432,454 431,454 429,454 401,460 389,462 377,460 346,454 344,454 46,457 46,510 46,522 888,524 890,510 890,464 848,455 845,455"/>
        <Baseline points="46,510 890,510"/>
        <TextEquiv>
          <Unicode>der Wurtzlen inn der Erden bleiben ſiecken:</Unicode>
        </TextEquiv>
      </TextLine>

      
      
      <TextLine id="eSc_line_737ae04a" >
        <Coords points="737,512 735,512 733,512 732,512 727,517 722,522 655,522 647,517 634,512 627,512 610,512 609,512 592,517 579,522 534,522 527,517 520,512 510,512 497,512 477,517 454,524 407,524 397,517 391,512 377,512 366,517 359,519 346,517 314,512 311,512 294,512 277,512 261,512 244,512 238,512 44,515 46,569 46,584 101,575 883,575 887,565 882,519 767,520 757,517 738,512 737,512"/>
        <Baseline points="46,569 887,565"/>
        <TextEquiv>
          <Unicode>Darnach bindet man einen Hundt daran /</Unicode>
        </TextEquiv>
      </TextLine>

      
      
      <TextLine id="eSc_line_a0f62d50" >
        <Coords points="712,567 695,567 679,567 677,567 619,575 614,575 610,575 585,567 579,567 575,567 567,575 565,577 490,577 487,575 469,567 462,569 446,569 429,569 412,569 396,569 379,569 366,569 359,574 322,569 312,569 296,569 279,569 272,569 264,574 262,575 221,575 219,574 213,569 213,569 196,569 179,569 163,569 146,569 129,569 123,569 46,572 46,620 44,625 96,635 98,635 407,629 467,637 469,637 888,629 890,624 888,577 718,567 712,567"/>
        <Baseline points="46,620 890,624"/>
        <TextEquiv>
          <Unicode>vnnd ſo denn derſelbig dem / von welchem er</Unicode>
        </TextEquiv>
      </TextLine>

      
      
      <TextLine id="eSc_line_b437f6da" >
        <Coords points="798,624 797,624 795,624 793,624 782,634 767,625 767,624 765,624 763,624 762,624 750,625 690,635 564,635 555,627 552,624 550,624 549,624 547,624 527,627 494,634 457,629 427,624 426,624 387,629 351,634 281,630 164,624 163,624 43,632 43,678 43,688 893,688 893,678 890,624 853,634 805,624 798,624"/>
        <Baseline points="43,678 893,678"/>
        <TextEquiv>
          <Unicode>angebunden / nachfolgen begert / wirdt wol</Unicode>
        </TextEquiv>
      </TextLine>

      
      
      <TextLine id="eSc_line_2524e092" >
        <Coords points="629,680 612,680 595,680 579,680 562,680 545,680 529,680 512,680 495,680 479,680 469,680 462,685 164,680 163,680 146,680 129,680 113,680 96,680 79,680 63,680 59,680 46,685 48,733 48,743 772,748 773,748 775,748 777,748 777,747 785,740 888,740 890,730 887,685 642,680 629,680"/>
        <Baseline points="48,733 890,730"/>
        <TextEquiv>
          <Unicode>die Wurtzel leichtlich herauß geriſſen / aber</Unicode>
        </TextEquiv>
      </TextLine>

      
      
      <TextLine id="eSc_line_98edb8c1" >
        <Coords points="404,733 402,733 396,737 384,742 351,735 339,733 331,733 321,733 317,735 304,740 252,733 247,733 231,733 219,733 169,740 153,733 148,733 131,733 126,733 73,740 56,733 48,733 48,787 46,795 59,803 61,803 63,803 64,803 66,803 68,803 68,802 76,795 141,803 143,803 241,795 246,795 254,802 254,803 256,803 257,803 329,805 331,805 332,805 354,797 356,797 361,797 414,805 416,805 417,805 432,798 434,797 437,798 451,805 452,805 454,805 456,805 457,805 464,798 467,797 479,798 514,805 515,805 542,800 559,797 565,800 572,805 574,805 575,805 577,805 579,805 594,800 610,797 630,802 655,807 657,807 710,803 768,798 778,803 782,807 783,807 785,807 787,807 788,807 795,805 808,798 890,805 893,792 893,743 880,735 878,735 877,735 875,735 873,735 843,743 832,735 830,735 828,735 827,735 655,742 617,742 614,740 607,733 605,733 604,733 602,733 600,733 585,740 579,742 559,738 517,733 515,733 514,733 512,733 512,735 507,738 504,743 447,743 422,737 406,733 404,733"/>
        <Baseline points="48,787 893,792"/>
        <TextEquiv>
          <Unicode>der Hund ſo alsbaldt dahin ſtirbet / muß den</Unicode>
        </TextEquiv>
      </TextLine>

      
      
      <TextLine id="eSc_line_beda805d" >
        <Coords points="46,845 46,858 888,857 888,845 887,792 46,795 46,845"/>
        <Baseline points="46,845 888,845"/>
        <TextEquiv>
          <Unicode>halß darumb geben / als ob er an ſtatt deß</Unicode>
        </TextEquiv>
      </TextLine>

      
      
      <TextLine id="eSc_line_7e2e7666" >
        <Coords points="880,847 863,847 847,847 830,847 813,847 797,847 780,847 763,847 747,847 730,847 728,847 722,853 620,847 614,847 597,847 580,847 564,847 547,847 540,847 437,852 426,848 421,847 414,847 397,847 381,847 364,847 347,847 331,847 314,847 297,847 281,847 264,847 48,850 48,900 46,906 101,916 103,916 429,910 469,918 471,918 888,910 890,903 888,845 880,845 880,847"/>
        <Baseline points="48,900 890,903"/>
        <TextEquiv>
          <Unicode>Menſchen / ſo ſonſt darauff hette gehn muͤſ⸗</Unicode>
        </TextEquiv>
      </TextLine>

      
      
      <TextLine id="eSc_line_bbdd5d44" >
        <Coords points="48,958 48,966 887,970 890,955 885,906 46,908 48,958"/>
        <Baseline points="48,958 890,955"/>
        <TextEquiv>
          <Unicode>ſen / auffgeopfferet wuͤrde. Daß man a⸗</Unicode>
        </TextEquiv>
      </TextLine>

      
      
      <TextLine id="eSc_line_38a63f59" >
        <Coords points="279,958 262,958 246,958 229,958 213,958 196,958 179,958 163,958 146,958 129,958 113,958 96,958 79,958 63,958 46,958 46,1010 44,1018 78,1030 79,1030 81,1030 151,1021 336,1030 337,1030 339,1030 341,1030 349,1023 359,1030 361,1030 362,1030 364,1030 702,1023 723,1031 725,1031 727,1031 793,1023 835,1031 837,1031 890,1021 892,1013 890,966 286,958 279,958"/>
        <Baseline points="46,1010 892,1013"/>
        <TextEquiv>
          <Unicode>ber ſolche groſſe gefahr beſtehet / dieſe Wur⸗</Unicode>
        </TextEquiv>
      </TextLine>

      
      
      <TextLine id="eSc_line_5b9fcd08" >
        <Coords points="46,1068 44,1078 311,1085 312,1085 381,1078 404,1076 414,1078 441,1085 442,1085 444,1085 446,1085 447,1085 457,1078 461,1076 480,1078 569,1086 570,1086 572,1086 574,1086 584,1080 590,1085 590,1086 592,1086 594,1086 595,1088 667,1088 667,1086 669,1086 702,1078 704,1078 742,1086 743,1086 795,1078 848,1086 850,1086 895,1076 897,1071 895,1018 46,1020 46,1068"/>
        <Baseline points="46,1068 897,1071"/>
        <TextEquiv>
          <Unicode>tzelen außzůͤgraben / deſſen iſt ſie vonn we⸗</Unicode>
        </TextEquiv>
      </TextLine>

      
      
      <TextLine id="eSc_line_64b070aa" >
        <Coords points="51,1124 49,1136 892,1138 895,1128 895,1081 882,1073 880,1073 878,1073 877,1073 875,1073 873,1073 860,1081 797,1073 795,1073 793,1073 792,1073 792,1075 783,1081 689,1073 687,1073 645,1081 644,1081 592,1073 590,1073 589,1073 587,1073 577,1081 575,1081 574,1081 499,1073 497,1073 432,1080 424,1073 424,1071 422,1071 421,1071 419,1071 417,1071 394,1080 356,1071 354,1071 304,1080 302,1081 181,1081 181,1080 173,1073 173,1071 171,1071 169,1071 168,1071 51,1078 51,1124"/>
        <Baseline points="51,1124 895,1128"/>
        <TextEquiv>
          <Unicode>gen jhrer groſſen krafft wol wirdig / denn</Unicode>
        </TextEquiv>
      </TextLine>

      
      
      <TextLine id="eSc_line_c5e3f817" >
        <Coords points="867,1128 850,1128 833,1128 818,1128 689,1133 630,1134 599,1131 565,1128 550,1128 542,1128 535,1131 524,1134 492,1129 466,1126 451,1126 446,1126 439,1129 432,1133 269,1126 267,1126 251,1126 234,1126 218,1126 201,1126 189,1126 181,1134 111,1134 61,1126 51,1126 51,1181 49,1191 893,1191 895,1184 895,1136 870,1128 867,1128"/>
        <Baseline points="51,1181 895,1184"/>
        <TextEquiv>
          <Unicode>jhe die Teuffel vnnd boͤſer leuten Geiſter / ſo</Unicode>
        </TextEquiv>
      </TextLine>

      
      
      <TextLine id="eSc_line_9f52e796" >
        <Coords points="51,1236 49,1248 895,1248 897,1239 895,1193 51,1184 51,1236"/>
        <Baseline points="51,1236 897,1239"/>
        <TextEquiv>
          <Unicode>ſich inn die Lebendigen verſchleichen / vnnd</Unicode>
        </TextEquiv>
      </TextLine>

      
      
      <TextLine id="eSc_line_d4be65ed" >
        <Coords points="53,1293 51,1303 898,1303 900,1296 898,1253 847,1241 845,1241 800,1251 797,1251 795,1251 775,1241 773,1241 772,1241 709,1249 695,1251 682,1249 642,1243 640,1243 639,1243 614,1249 604,1251 600,1248 590,1241 589,1241 587,1241 510,1241 509,1241 507,1241 505,1241 499,1248 492,1251 431,1251 426,1246 419,1239 417,1239 416,1239 414,1239 377,1246 357,1249 334,1246 302,1239 301,1239 299,1239 284,1244 269,1249 229,1244 193,1239 191,1239 189,1239 179,1243 164,1249 53,1243 53,1293"/>
        <Baseline points="53,1293 900,1296"/>
        <TextEquiv>
          <Unicode>ihnen krag ab machen / ſo ihnen anderer ge⸗</Unicode>
        </TextEquiv>
      </TextLine>

      
      
      <TextLine id="eSc_line_2b933a9d" >
        <Coords points="51,1351 51,1367 103,1359 201,1367 214,1367 216,1367 218,1367 221,1367 252,1359 304,1366 317,1367 319,1369 421,1369 421,1367 422,1367 424,1367 427,1366 437,1359 457,1366 466,1367 467,1367 469,1369 547,1369 547,1367 549,1367 550,1367 550,1366 554,1364 559,1359 639,1364 709,1367 710,1367 733,1362 752,1359 757,1362 763,1367 765,1367 767,1367 768,1367 902,1361 902,1351 900,1304 634,1306 630,1304 615,1298 614,1298 612,1298 610,1298 609,1298 609,1299 602,1304 600,1308 505,1308 497,1306 449,1298 447,1298 446,1298 421,1306 419,1306 417,1306 401,1298 399,1298 397,1298 342,1306 341,1306 339,1306 312,1298 311,1298 309,1298 264,1306 262,1306 68,1298 66,1298 64,1298 63,1298 51,1304 51,1351"/>
        <Baseline points="51,1351 902,1351"/>
        <TextEquiv>
          <Unicode>ſtalt nicht mag geholffen werden / von die⸗</Unicode>
        </TextEquiv>
      </TextLine>

      
      
      <TextLine id="eSc_line_f62cd666" >
        <Coords points="51,1406 49,1419 897,1422 900,1409 900,1359 51,1357 51,1406"/>
        <Baseline points="51,1406 900,1409"/>
        <TextEquiv>
          <Unicode>ſer Wurtzlen / wenn ſie nicht mehr / denn her⸗</Unicode>
        </TextEquiv>
      </TextLine>

      
      
      <TextLine id="eSc_line_217efafa" >
        <Coords points="700,1409 684,1409 667,1409 650,1409 634,1409 617,1409 604,1409 575,1416 570,1416 547,1416 332,1407 331,1407 329,1407 302,1416 301,1417 51,1417 53,1466 53,1474 897,1467 898,1461 895,1416 712,1409 700,1409"/>
        <Baseline points="53,1466 898,1461"/>
        <TextEquiv>
          <Unicode>zů gehebt wirdt / den aller nechſten weit hin⸗</Unicode>
        </TextEquiv>
      </TextLine>

      
      
      <TextLine id="eSc_line_01b97643" >
        <Coords points="745,1462 743,1462 728,1469 718,1474 584,1474 579,1469 574,1464 567,1464 550,1464 534,1464 522,1464 517,1469 514,1471 512,1469 505,1464 500,1464 484,1464 479,1464 424,1469 401,1471 384,1469 346,1464 334,1466 317,1466 306,1466 302,1469 301,1472 234,1472 233,1469 228,1466 218,1466 201,1466 184,1466 168,1466 151,1466 134,1466 118,1466 113,1466 51,1469 51,1517 49,1522 111,1534 113,1536 259,1536 259,1534 261,1534 286,1526 297,1534 299,1534 301,1534 302,1536 389,1536 389,1534 391,1534 392,1534 392,1532 401,1526 895,1529 898,1521 897,1469 747,1462 745,1462"/>
        <Baseline points="51,1517 898,1521"/>
        <TextEquiv>
          <Unicode>weg fliehen. So viel der worten auß Joſe⸗</Unicode>
        </TextEquiv>
      </TextLine>

      
      
      <TextLine id="eSc_line_eb8db058" >
        <Coords points="835,1521 833,1521 832,1521 820,1529 818,1531 742,1531 740,1529 733,1522 733,1521 732,1521 730,1521 728,1521 692,1529 685,1529 657,1527 527,1521 525,1521 495,1527 484,1529 479,1527 464,1519 462,1519 461,1519 54,1522 54,1574 53,1585 900,1582 902,1577 900,1531 837,1521 835,1521"/>
        <Baseline points="54,1574 902,1577"/>
        <TextEquiv>
          <Unicode>pho angezogen. Aber / ſo anderſt einer ein</Unicode>
        </TextEquiv>
      </TextLine>

      
      
      <TextLine id="eSc_line_5cfad91e" >
        <Coords points="669,1577 652,1577 635,1577 625,1577 617,1585 517,1585 495,1577 485,1577 482,1575 462,1585 459,1585 452,1585 412,1577 411,1577 377,1585 371,1585 362,1585 314,1577 312,1577 53,1584 54,1637 54,1650 264,1650 282,1664 284,1664 286,1664 287,1665 404,1665 404,1664 406,1664 429,1654 474,1664 476,1664 477,1664 525,1649 532,1647 645,1647 649,1649 679,1662 680,1662 682,1664 732,1664 732,1662 733,1662 735,1662 750,1650 775,1659 777,1659 778,1659 780,1659 812,1649 900,1649 900,1634 897,1585 675,1577 669,1577"/>
        <Baseline points="54,1637 900,1634"/>
        <TextEquiv>
          <Unicode>fleiſſiges nachtrachten haben wil / auff was</Unicode>
        </TextEquiv>
      </TextLine>

      
      
      <TextLine id="eSc_line_d771cb77" >
        <Coords points="797,1690 795,1714 893,1729 897,1694 895,1635 797,1639 797,1690"/>
        <Baseline points="797,1690 897,1694"/>
        <TextEquiv>
          <Unicode>weiß</Unicode>
        </TextEquiv>
      </TextLine>

      
    </TextRegion>
    

    
  </Page>
</PcGts>
