1170 1997
271 134 344 198 335
464 119 988 189 Von verblendung der
269 176 1120 254 thůn / vnnd dieſe frag auff die bann bringen
269 234 1118 306 wuͤrde / der habe jme von mir dieſen beſcheid.
272 296 1120 361 Man ſol den zauberern vnd ſchwartzenkuͤnft
271 356 1121 421 lern / ob ſie gleich wol die warheit vnderwei⸗
274 402 1125 475 len vor verkuͤnden / die Krancken heilen / die
276 459 1125 534 geſunden bekrencken / jedoch keinen glauben
276 520 1123 589 geben / den ſolches alles / auß Gottes deß Her
274 569 1128 649 ren verhengknuß beſchicht / zu dem zweck vnd
277 627 1126 698 end / das nemlich die jenigen / ſo ſolche ding ſe
279 682 1130 758 hen oder hoͤrenbeweret / vnnd mit was glau⸗
277 742 1126 808 ben vnd vertrauwen zu Gott ſie begabet ſey
279 795 1131 865 en / kund vnd offenbar werde. Wie wir denn
279 850 1128 921 deſſe im . bůch Moyſe / am i3. Capitel zeugk
279 906 1131 981 nuß haben / da wir leſen / das der thewre Pro
282 961 1133 1038 phet auß Gottes wort / dem Iſrahelitiſchen
281 1020 1135 1095 volck ernſtlich gebotten habe / es ſeye keinem
286 1075 1133 1151 Propheten oder Treumer jmmer mehr zu⸗
282 1131 1135 1211 glauben / wenn gleich ſchon ein zeichen erge⸗
286 1194 1135 1266 hen wuͤrde / daruon er denn geſagethatt / ſo er
284 1244 1135 1319 anderſt vom warem Gottes dienſt die Leute
287 1303 504 1381 abfuͤhrete.
372 1359 1131 1429 Von dem groſſen vf ſchweren mißbrauch
289 1419 1133 1477 deß Exorciſmi / oder Teuffelbeſchwerens / ſo
287 1466 1135 1529 bey den beſchornen Gugelfrantzen / Můnchen
291 1509 1071 1594 vnd Pfaffen nemlich in dem brauch gehet.
1021 1625 1136 1690 DDab
