1192 1997
284 133 347 179 I6
454 126 993 196 Von verblendung der
289 179 1132 254 geweſen ſind / daß ſie durch den Oeſopha⸗
289 241 1132 309 gum / welche ſtraß der ſpeiß vnnd dem tranck
283 302 1133 356 veroꝛdnet iſt / aus dem Ventriculo dē maul
283 347 1132 422 zůtringen. Dieweil aber der Oeſophagus
284 407 1132 479 vnd in ſonderheit ſein Orificium voller ner⸗
281 462 1132 525 uen / ſo iſt auch der ſenſus tangendi oder die
278 517 1130 592 entpfindtlichkeit gar ſcharpff / vnd alſo zůre⸗
279 587 1128 649 den katzrein inn jhm / wie denn wol wiſſen
278 632 1128 702 die Medici daruon zůſagen / daß er vnder⸗
279 687 1122 758 weilen etwan leicht von einem faulē dampff
281 743 1128 815 verletzt / einer ſcharffen eſſechtigen feuchte
284 800 1127 875 gebiſſen / vnnd daher boͤſe ſchaden zůͤ zeiten
278 855 1128 923 entſpriugen. Denn deren werden viel ge⸗
278 910 1127 983 funden / welche von den flatibus ſo in dem
283 965 1125 1035 Ventriculo entſtehen / deßgleichen auß ko⸗
278 1023 1122 1088 derechtigen oder ſonſt boͤſen feuchtigkeiten.
278 1085 1123 1151 Item aus der ſpeiß / ſo vonn ſchwacher wer⸗
271 1139 1125 1199 me wegen in vapores reſoluiert wirt / vn⸗
273 1193 1123 1254 derweilen in groſſe kranckheiten fallen. Et⸗
269 1251 1120 1313 liche auch / welche auß den rauwen / boͤſen /
271 1304 1122 1372 ſtarcken feuchtigkeiten ſo in dem ore Ven⸗
269 1361 1122 1424 criculi ſich verſamlen in ein ohnmacht vn⸗
269 1417 1120 1481 uerſehner ſach ſincken . Vielen widerfehrt
269 1484 1118 1539 es / daß ſie von wegen vnguter narung / deß⸗
269 1529 1115 1597 gleichen vonn ůberfluß aller gattung boͤſer
260 1584 1117 1667 feuchtigkeiten / esſey gleich bilis admodum
917 1659 1117 1724 corrupta
