1170 1996
299 106 384 166 342
507 94 1033 166 Von verblendung der
297 146 1128 229 ſter eher erhoͤret werden / derohalben jhr jh
296 206 1136 284 nen nicht ſollet gleich ſein denn ja euwer him
296 259 1136 340 meliſcher Vatter wol weiß / weſſen jhr not⸗
294 322 1136 399 turfftig ſind / ob jhrs vonn jhme begeret / et7.
302 372 1138 452 Vonn dem geplaͤrꝛ der Ceremonien / ſo
297 434 1133 512 man auch zu dieſem handel brauchet / wil ich
294 487 1140 565 nichts anderß ſagen / weder das ſie vornen
294 538 1141 615 anzuſehen etwas ſcheins / als ob ſie Goͤtt⸗
292 595 1140 671 lich tragend / aber dieweil es nichts anderſts
292 653 1138 735 denn bloſſe deuteley ſind anderer dingen /
292 705 1140 791 halte ich ſie nimmehr mehr darfůͤr / das ſie
291 765 1141 848 der Boͤſen Geiſtern anrennen vonn einem
291 816 1141 906 Menſchen ableinen moͤgen. Zu dem ge⸗
289 876 1141 958 ben ſie auch vnterweilin zu Gottloſen ſa⸗
289 929 1140 1016 chen groſſen hefftigen anlaß. Vber das mag
286 994 1141 1071 es ſich auch vnderweilen wol zutragen / das
287 1046 1140 1124 der Exoreiſta oder Teuffelsbeſchwereriſche
291 1096 1141 1180 Pfaffe / mit ſeinen / ich weiß nicht mit was
286 1151 1140 1239 Apoſteutzleriſchen / Abgoͤttiſchen Gebettli⸗
286 1214 1141 1294 nen / vber das boͤglein trette: Vnnd wenn
286 1269 1140 1350 er anderſt leſen kan (deren worten gebrau⸗
286 1322 1141 1402 chend ſich auch vnſere vorangezogenen The
286 1377 1140 1465 ologen vnnd Lehrer / daher den das ſolche
287 1433 1136 1518 Exorciſten mehrertheils / weder Leſen / noch
286 1495 1141 1571 piel minders das / ſo ſie Leſen / verſtehn koͤn⸗
287 1546 1138 1646 tien) So leſe er der vier Euangeliſten erſte
990 1620 1140 1706 Euan⸗
