1179 1997
93 106 882 174 boͤſen Geiſter Das lIll, Bůch. 347
43 161 882 231 Leute / Teuffel außtreiben / ſie ſolche Wort /
41 218 887 291 welche zu dieſer ſach tugendtlich vnnd be⸗
49 279 885 346 ſtimbt / gebrauchen / auch wie man ſpricht:
46 334 884 402 pro modo S forma antwort gaben. Denn
44 386 877 459 wenn die Krafft vnnd wirckungen / auff
43 442 885 510 die man denn ſihet / allein inn dem bloſſen
46 499 882 569 außſprechen vngereimbter worten beſteht /
48 552 885 630 ſo haben freilich nicht minder / ja wol mehr /
44 607 890 685 etliche Landfharende / Jůdiſche Exorciſten
46 672 889 737 außgerichtet / welche den nammen deß Her⸗
46 718 892 797 ren Iheſu vber die beſeſſenen ſich vnderwun
46 777 894 852 den / vnnd wie in den geſchichten der Apoſt⸗
46 832 890 908 len am i6. geleſen wirdt / ſprachen: Wir be⸗
51 895 894 965 ſchwern euch durch Jeſum Chriſtum: den
48 946 897 1013 nemlich / welchen Paulus prediget. Es wa⸗
51 998 897 1073 ren aber die ſo ſolchs theten / ſieben Soͤhne
54 1058 895 1123 Sceue / eines oͤberſten Prieſters vnder den
56 1109 894 1188 Juͤden. Aber es antwortet jhnen der Teuf⸗
53 1171 899 1243 fel / vnnd ſprach: Jeſum kennen ich / Paulus
54 1224 900 1296 iſt mir auch bekannt / aber wer jhr ſeyen / iſt
54 1283 897 1352 mir nit zu wiſſen. Hiemit iſt auch der menſch
56 1341 904 1414 ſo von dem boͤſen Geiſt beſeſſen / vnter ſie ge⸗
58 1391 904 1469 ſprungen / vber ſie meiſter worden / vnnd be⸗
59 1447 907 1522 geweltgti / alſo das ſie nackendt / zu dem vbel
56 1504 907 1577 verwundet / auß dem ſelben hauß einen wei⸗
63 1562 915 1645 jen geben muſten. Dieſes aber ift aiſo bald
809 1619 915 1712 auß⸗
