1174 1996
293 119 994 182 375 Von verblendung der
291 176 1132 252 dieſe Lateiniſchen wort lauffen laſſen. Siul⸗
291 231 1132 307 lam habes poteſtatem tranſmigrandi in
291 287 1130 362 Chriſtianum ſanguinem, tranſmigra ex
289 339 1134 422 illa in me. Das iſt ſo viel geſagt: haſtu jr⸗
296 400 1132 477 gend etwas gewalt in Chriſten blůt zu wan⸗
288 459 1132 533 dern / ſo verruck deinen ſitz auß dieſer Toch⸗
288 512 1129 585 ter in mich. Darauff deñ Doctor Schwartz
289 568 1127 647 henßlein / ſo den Priſcianum auch geleſen /
286 627 1130 691 vnd ein alten Schůlſack vor viel Jaren ge⸗
288 681 1129 758 freſſen / als bald Lateiniſch gcantwortet hat.
288 740 1125 815 Quem pleno iure in poſtremo die poſsi-
286 791 1129 866 debo, quid opus eſt, illum tentare? Das
283 849 1124 919 iſt: Was wolt ich faſt an den mich ſetzen /
284 906 1129 986 vnd jhne anfechten / der aber ſonſt am letzten
281 963 1125 1039 tag mit Haut vnnd haar mir zůgeſprochen
281 1017 1124 1082 wirdtē Vnnd als hierauff Johannes Sar⸗
279 1071 1124 1149 torius / Pfarherr deß Dorffs Loen deß Teuf
281 1129 1120 1200 fels vrtheil vnnd kundtſchafft von der Meß
281 1189 1124 1255 zůuernemmen begeret / fraget er jn / in Teut⸗
281 1242 1127 1319 ſcher zungen / warumb er doch / die gute To⸗
281 1300 1125 1377 ter / ſo bald man zu der Meß leutete / ſie zu
281 1357 1120 1425 der Kirchen zu eilen zwinge vnnd noͤtigete /
281 1413 1127 1488 ob doch die Meß ſo gut oder boͤß wereē hatt
279 1463 1124 1536 er darauff geantwortet / er ſeye vber dieſe
281 1521 1125 1590 frag mit antwort zůbegegnen / auff das mal
278 1580 1122 1674 nicht gefaſſet / woͤlle ſich aber lenger zůbe⸗
959 1640 1122 1726 dencken
