1175 1998
58 113 863 191 boͤſen Geiſter / Das lIIl. Buch 3y
20 171 863 249 dincken nemmen. Dieſer handel hat ſich ver
21 229 865 304 lauffen / Anno i39. auff den i7. tag Augu⸗
26 283 868 364 ſti. Vergangēs jars / als im nidern Veſalia
23 344 870 417 etwan ein ſchandlich boͤſe ſtieffmutter jhre
23 402 870 466 Tochter gar hart hielt mit worten / ſtreichen
25 452 870 522 vnd geligem k unger / alſo das ſie letzlich den
30 507 870 587 fallenden ſicchtag vberkam zhat ein Predi⸗
28 561 871 642 germoͤnch mit nammen Winandus / den boͤ
30 621 871 697 ſen Geiſt / durch ſeine beſchwerung / vnnd ei⸗
28 680 870 745 uer buͤchßen darinn die oſtien war / welche er
30 732 871 809 jr an die kaͤlen hielt / von jr zůtreiben / ſich vn⸗
30 787 871 859 dernommen. Dieſer hat auch ſolchs ſein be⸗
33 840 870 924 ſchweren an einer kůh gebraucht / vnd befoh⸗
31 902 870 975 len / das man jr zůͤhelffen ein ſtuͤck vonn der
33 959 873 1035 Meßſtolen / auff der weid / da ſich die kůh be⸗
35 1017 468 1087 graſet / vergrabēn ſolt.
95 1072 870 1142 Es iſt ſich fuͤrwar hoch zůuerwundern /
35 1128 873 1200 ja es iſt ein hertzlichs bedaurn darab zůtra⸗
40 1183 873 1257 gen / das ſolche Teuffels leibeigen Leut / ſo
36 1240 878 1305 vngeſtrafft von Weltlicher Obrigkeit gedul
40 1305 881 1361 det werden / ſo doch aber darneben etliche
41 1353 881 1425 fromme vnd Gottsfoͤrchtige kaum rhaum
38 1408 883 1473 vnnd platz haben / welche zwar einen guten
40 1465 883 1538 eyfer hinder jhnen haben / wenn ſie anders
40 1526 873 1588 der Confeſſion vnnd bekanntniß / ſo inen fůt
43 1578 876 1661 geſchrieben / ſich vntergeben werden. In
783 1635 878 1724 wel⸗
