1192 1997
78 99 892 174 boͤſen Geiſter / Das llll. Bůch. 357
46 156 895 236 ein verdeckte krafft zů verletzen vnnd beſche⸗
48 214 898 292 digen vonn natur an jnen / welchs aber dem
49 271 864 341 Artzet vnderweilen ein verdecktes eſſen iſt.
58 322 897 406 Jedoch ſo ſoll ein getrewer artzet vmb ſo viel
49 379 897 462 ſeinen muͤglichen fleiß / muͤhe / vnnd arbeit
48 439 897 515 anwenden / ſo anderſt der Patient vonn na⸗
48 497 897 567 tur / der Kranckheit halb / oder ſonſt etwan
49 550 898 625 her vonn einem etwas Melancholiſchen hu
48 609 894 688 more (darinn ſich denn die boͤſen Geiſter /
49 664 897 745 alb in einer jhnen gantz anmuͤtigen Herber⸗
51 717 902 800 ge / gern verkriechen) oder ſonſt einer ſched⸗
49 775 898 855 lichen feuchtigkeit beſchweret wuͤrde / das er
53 828 903 916 zůuor durch ein Medicament ſenfftigklichē
53 887 903 966 purgieret werde. Denn es meldet Pom⸗
53 941 903 1025 ponatius / wie das die alten Teuffelsbeſchwe
51 1006 903 1080 rer ſo man Precantatores nennete / vor vnd
53 1058 900 1138 che ſie jhre beſchwerung an die hand namen /
53 1119 908 1193 den leib deß beſeſſenen vonn der Melancho⸗
54 1169 910 1251 ley expurgiret haben. Denn es werden
59 1223 912 1308 ſolche arbeitſeligen Leute den mehrer theil
58 1288 912 1359 mit zwifacher Kranckheit angefochten / de⸗
58 1336 908 1421 ren eine deß Leibs / auß Melancholiſcher
64 1392 908 1476 feuchtigkeit entſtanden / die andere aber der
64 1452 912 1532 Seel / als wenn ſolche mit taubſucht / Hertz⸗
61 1511 917 1590 enleid / forcht / verdruß deß Lebens / verzweif⸗
66 1564 918 1677 ſclenjaugefochten / vnd vondem abgeſagten
815 1624 922 1714 fein⸗
647 1622 707 1695 iij
581 1632 605 1707 3
