1192 1997
289 141 351 201 i3
427 126 963 193 Von verblendung der
286 173 1130 254 einfeltige leute / vnd die / ſo kleingleubig ſind /
289 231 1133 306 leichtlich in ſeine ſtrick vnd haͤren. Vñ deſſe
293 289 1137 371 ſich noch mehꝛ zuuerwundern / ſo blaſt er de⸗
291 346 1137 422 nen / welchen dieſe ding widerfaren / ſo ſtarck
291 401 1135 479 ein / daß ſie beredt ſind / ſolches ſeye jhnen
291 454 1137 529 von etlichen / ſo aber vnſchuldig / vñ in Chri⸗
293 510 1140 592 ſtenlichen glauben / baß denn ſie ſelbſt er⸗
291 575 1137 640 bauwen / widerfaren / deſſe ſie ſich denn auch
294 627 1142 707 offt / wie ich ſelbs gehoͤrt / offentlich bekla⸗
294 678 1142 762 gen. Zů dem begibt es ſich auch offt / daß ſol⸗
291 738 1137 808 che Leut / zuuoꝛ vnnd ob ſie ſolche ſcharpffe /
298 790 1142 872 ſtechende / kratzende / vngehoblete materi
296 848 1142 923 außſpeuwen / keinen ſchmertzen in dem ma⸗
298 903 1138 983 gen entpfinden. So es doch nicht moͤglich
296 965 1137 1035 iſt / das nit etwas von ſomel geſchmetters /
298 1015 1147 1091 ſo vberzwerch daher fahrt / beſtecke / daß vol⸗
298 1070 1143 1151 gendts groffe pein vnnd leiden bringt. Wie
298 1128 1145 1204 denn Anthonius Beniuenius im 20. capi⸗
299 1184 1148 1253 tel de abditis morborum cauſis vs einem
304 1239 1145 1316 Weib / ſo ein nadlen verſchluckt / anzeiget.
299 1294 1147 1367 Dieſe hat zum erſten nichts geſpuͤrt / als ſie
298 1361 1143 1429 aber vber ein lange zeit / anfieng ein groſſer
298 1417 1147 1479 ſchmertzen vmb den Ventriculum her vexie⸗
294 1467 1143 1541 ren / vnnd der ſelbig von tag zu tag je lenger
298 1527 1143 1599 je mehꝛ / zůͤ vnd vberhand nam / hat ſie vieler
301 1580 1143 1670 Artzet rath gepflegt / von der nadlen aber /
1018 1642 1143 1700 deren
