1178 1998
98 113 889 194 boͤſen Geiſter Das IIII. Bůͤch. 35
39 168 888 251 ſehen. So bald vnnd jhnen aber etwas Lufft
34 224 888 303 vonn Gott dem H E R RENverguͤnnet
39 284 888 362 wirdt / haben ſie groſſe ſtercke / ſie verwan⸗
39 339 886 421 len vnd verkehren ſich / in was Figur vndge
49 394 883 476 ſtalt ſie jmmer woͤllen / nach der Bildnuß /
43 451 889 536 das iſt nach der phantaſey. Item / Gregori⸗
44 511 893 591 us ſpricht: ohne deß Allmechtigen Gottes
46 567 891 644 verhengknuß / hat der boͤſe Geiſt wider den
48 619 891 700 Menſchen gar keinen gewalt: Darumb er
48 674 896 759 auch nicht in die herd Schwein / es were deñ
51 735 729 810 zůuor erlaubt / hat fahren doͤrffen.
108 782 898 865 Es iſt auch Chriſoſtomus recht an dſach
51 849 901 929 da er ſpricht: Es fichtet der Boͤſe Geiſt die
54 909 903 979 Menſchen an / aber nicht ſo faſt / als er gern
56 962 899 1038 wolt / denn er je ſonſt ſo viel vnnd an jm iſt /
58 1013 903 1097 von anfechten vnd verſuchen nimmer mehr
59 1067 908 1152 auff hoͤren wuͤrde / dieweil vnd er ſonſtnichts
61 1125 908 1203 zuſchaffen hat. Er iſſet nimmer nicht / ſchlaf⸗
64 1183 913 1267 fet nicht / wercket nicht / thut auch auff Gott
64 1243 913 1313 tes Erdtreich nichts anderß / denn das er
66 1298 919 1371 verſucht / anficht / betreugt / vnnd zu dem fall
66 1351 919 1426 den Menſchen bringe. Daher auch Ambro⸗
69 1406 921 1488 ſius vber den Lucam ſchreibet / kommli⸗
68 1466 923 1540 chen meldet: Es ſolle nicht ſein / das man ſich
69 1520 928 1606 mehr ob deß Teuffels macht vnnd gewalt
73 1580 928 1669 entſetze / weder Gott den Herren / der jhme
841 1640 929 1729 wol
