1182 1997
291 113 1003 181 366 Von verblendune der
286 171 1127 249 wol einen ring in die naſen ſtecken kan / foͤꝛch
288 231 1135 307 ten. Denn je die boͤſen Geiſter Gottes Gei⸗
288 286 1133 361 ſier / als die / ſo ſeine gefangenen ſind / ge⸗
286 342 1135 421 nannt werden. Sie ſind auch jhren ſelbſt
286 402 1130 467 nicht mechtig etwas anzůruͤren / caſtieren /
284 460 1135 525 anfechten / es ſeye dann ſach / das jhnen ſol⸗
284 507 1133 584 ches von Gott erlaubt vnnd zůgelaſſen wer⸗
281 564 1128 645 de. Dem gedultigen Job / hat der Sathan /
281 630 1132 698 nicht ein haar kruͤmmen moͤgen / es were deñ
279 677 1132 758 cin ſolchs vor von Gott / mit fuͤrgeſchriebe⸗
279 733 1133 817 nem zweck / ziel vnnd Marckſteinen / alſo zu
278 797 1100 862 reden geſtattet vnnd vergoͤnnet worden.
278 853 1128 925 Derhalben iſt der Teuffel nicht zu foͤrch⸗
278 901 1128 981 ten / ſonder Gott / welcher dieſen Beren ge⸗
276 958 1122 1036 fangen / vnnd mit Kettenen gebunden hatt /
274 1015 1123 1093 alſo / das er ohne ſein ſonderbares zůlaſſen /
276 1076 1125 1143 gantz vnd gar nichts vermag. Daher denn
273 1126 1127 1203 auch ein jeglicher Chriſte alle auch widri⸗
276 1186 1127 1256 giſten / beſchwerlichſten ding vonn dem fin⸗
278 1243 1128 1311 ger Gottes / deralles inn ſeiner Hand hatt
269 1296 1122 1374 auffnemmen ſolle. Es ſind auch alle die deß
271 1361 1123 1429 Chriſtlichen nammens nicht wirdig / wel⸗
268 1414 1120 1489 che einen ſchaden / ſo jhnen zůhanden geſtoſ⸗
266 1467 1117 1541 ſen / einer boͤſen alen Vettleu / oder dem teuf
263 1522 1123 1599 fel ſelbſt / vnnd nicht dem gerechten willen
263 1577 1115 1674 Gottes den aller nechſten zůſchreiben Js b
1002 1640 1127 1719 ward
