1178 1998
71 106 884 178 boͤſen Geiſter / Das llll. Bůch. 367
31 161 879 239 ward vom Teuffel geplagt vnd gepeiniget /
33 224 883 294 jedoch ſo nimpt er es an / als vonn der Hand
34 278 881 351 Gottes / da er ſpricht:der H E R Rhats
36 328 884 402 gegeben / der Herr hatt es genommen / Wie
29 386 881 464 es jhme gefallen hat / alſo iſt es ergangen /
31 449 886 522 ſein Namme ſey gelobt vnnd gepreiſet /von
29 501 886 576 nun an biß in ewigkeit / Amen. Der truge
28 562 888 632 nicht der ruten an jhren ſelbſt / mit deren er ge
33 611 884 690 ſchlagen / ſonder der gnedigen hand Gottes /
31 672 888 737 welche deñ darhinder ſtund / rechnunge. Die
29 729 888 802 ruten ſtraffet den Sohn / es ſpricht aber der
33 782 889 857 Son nicht / das es die rutēg ethan habe / iſt er
26 837 888 914 anderſt bey vernunfft / ſonder es habs der vat
29 892 888 965 ter / ſo die ruten mit ſeiner Hand fuͤhret / ge⸗
39 949 886 1020 than. Es fellet nimer mehr kein haar von dē
28 1003 891 1083 haupt ohn ſeinen willen / denn alle haͤrlein vn
31 1063 891 1135 ſers haupts ſind gezellet. Erbraucht die rutē
28 1122 718 1190 wie ſtreng / wie offt / vnd wo er wil.
111 1187 894 1258 Wie die ſenigen / ſo von dem boͤſen Geiſt
28 1245 891 1310 beſeſſen / zu vnvberwindlicher gedult vnnd ge
28 1293 891 1366 laſſenheit auff zumuſtern / vnnd zu ermahnen
31 1346 158 1413 ſeyen.
251 1391 669 1455 Das XXIil. Capitel.
139 1455 893 1526 Nd dieweil nu dē alſo iſt wie gehoͤu / ſo
129 1518 888 1590 wirt ſich gebuͤrē / dz wir alles das jenig /
141 1571 886 1661 ſo vns an vnſerem Fleiſche begegnet /
839 1638 891 1698 es
