1197 1997
116 119 903 193 boͤſen Geiſter / Das lIl. Buch. 19
54 181 905 254 dern ſie langeſt nit mehꝛ eingedenck / mit kei⸗
53 237 902 312 nen woꝛtē nie meldūg gethan. Da hette nun
53 296 897 364 einer moͤgen erfarē / dz es freilich ein warge⸗
54 351 898 419 ſpꝛochen woꝛt iſt: Quot capita tot ſenten⸗
53 407 895 477 ciæ, Als mancher kopff / als mancher ſinn.
53 462 895 532 Dann etliche hielten von einem ſcharpffen
49 522 892 585 humore, die and´n von einem vento inter
48 574 892 647 ſtomachi lunicas recluſo / die vbrigen auß
48 632 894 700 einem boͤſen verderbten habitu were das vbel
48 688 892 757 vñ der groſſe ſchmertzē her entſpꝛungē. Alſo
48 745 892 817 iſt das gůt weib 10. gantzer jar vů einer nadlē
46 802 892 865 wegen / ſo den ſchmertzē erweckt / grauſam ge
48 862 890 930 peinigt woꝛdē / biß zu letſt die nadel durch dē
46 911 885 985 ventriculū durchgefreſſen / herauß gegangē /
44 975 889 1033 vñ ſich erzeigt hat. Es hengt auch Beniue⸗
46 1025 887 1093 nius daran / er habe diß alles gſehen / vñ ſelbs
44 1085 890 1154 das Weib geheilet. Es dient auch zů erhal⸗
44 1143 892 1208 tung vnſerer ſchlußred / dz ob wol dieſer ver⸗
43 1191 889 1261 blendiſch / ſpoͤttlich Vomitus eintweders
46 1248 889 1318 gleich vonn ſtund an / oder ein kleine weil
44 1306 882 1377 nach dem eſſen bſchicht / jedoch weder ſpeiß /
43 1362 884 1436 noch etwas von Chylo mitlaufft. Deſſe ich
44 1419 885 1489 denn vnder anderm / ſelbs hab fleiſſig acht
46 1476 884 1547 gehabt. Wir erfaren auch / daß die jenigen /
44 1531 887 1604 ſo ſoͤlliche herten / ſcharpffen / mancherley
48 1585 889 1689 geſtalten materien (ſobillich / wenn ſie an⸗
777 1642 885 1720 derſt
