1181 1998
66 106 882 181 boͤſen Geiſter. Das lIll. Bůch. 271
34 168 876 243 piſtel am vierdten Capitel: Ir allerliebſten /
31 231 877 294 verwundert euch nicht / wenn jr durchs fewr
31 278 881 351 bewert werdet / deñ ſolcher handel zů euweren
31 334 879 411 bewehrnuß abgehet: gerad als were es etwas
31 391 879 466 neuwes das euch widerferet. Ja viel mehr
34 447 881 522 frewet euch / daß jr der truͤbſalen Chriſti teil⸗
31 507 882 577 hafftig ſind / darmit vnd das jr euch auch in
31 561 882 627 der eroͤffnung ſeiner Glory vnd Herrligkeit
33 622 884 684 zůfrewen vnd frolocken habet. Es vermaner
31 674 879 742 auch der heilige Paulus ſeinē Timotheum /
33 734 884 794 daß er alle anſtoͤß geduͤltigklichē trag als ein
33 785 881 855 guter Kriegßknecht Jeſu Chriſti. Denn je
31 847 881 912 keiner gekroͤnet wirt / er habe denn recht vnnd
33 897 882 962 ordenlichen geſtritten. Nemend ein Exem⸗
38 960 879 1023 pel vnd beiſpiel / Lieben Bruͤder / (ſpricht Ja
34 1010 882 1078 cobus) der trůͤbſal vnnd gedult / die heiligen
36 1067 879 1138 Propheten / welche de in dem nammen deß
34 1123 884 1188 Herren geredt haben: Nim war / die halten
33 1178 884 1250 wir fuͤr ſelig / welche beharren. Ir habt ge⸗
36 1235 879 1308 hoͤrt von der gedult Joben / ſo habt jhr auch /
36 1290 884 1363 zů welchem end die ſelbigen der Herr außge⸗
38 1345 884 1415 fuͤhret / geſchen / daß nemlich der Herr ſehr
39 1403 886 1476 Barmhertzig ſeie / vnnd der ſich vnſer hertz⸗
34 1461 887 1530 lichen erbarmet / welcher denn auch ( wie
39 1515 884 1583 Petrus ſpricht) die Gottsfoͤrchtigen auß
39 1570 889 1658 ber anfechtůg weiß herauß zůreiſſen. Eshat
812 1630 894 1711 der
508 1631 672 1704 Aa it
