1182 1997
289 119 992 189 374 Von verblendung der
291 176 1135 242 den / gemuͤter auffmuſtern vñ ſtercken. Von
293 234 1135 299 Anthonio dem Egyptier leſen wir / daß / als
294 289 1135 356 er in ſeiner huͤlen verborgen lag / jn die boͤſen
293 346 1130 416 Geiſter ſo grauſamer geſtalt mit jrē ſcharpf
293 409 1137 475 fen kraͤwlen zerzerret haben / daß in ſein Die⸗
291 457 1137 524 ner gleich als ob er ſteinherd tod / in ſeine her⸗
293 512 1138 587 berg hab tragen muͤſſen. Vnd als er nun da
296 565 1138 645 ſelbſt ſich ein wenig erholet vnd erquicket / be
297 625 1142 700 falch er / doch andern vnbewußt vnd hinder⸗
294 682 1143 750 rucks / man ſolt jn widerumb zů ſeiner huͤlen
294 743 1143 807 tragen. Als nun ſolches nach ſeinem begeren
297 795 1142 867 geſchehen / vnd er von wegen ſeiner kurtz ver⸗
294 852 1138 916 ſchienen entpfangenen wunden vnd kraͤtzen /
293 905 1142 980 dort geſtracks lag / hat er mit gantz mannli⸗
293 963 1143 1031 chem vnuerzagtem hertzen / den Teuffeln / ſo
294 1025 1143 1086 jm vorhin zimlich geſtraͤlet / eine ſchlacht an
301 1075 1145 1144 gebotten. Welches aber jnen ein gantz eben⸗
297 1131 1143 1198 ſpiel / derhalben ſie alle andere geſchefft hin⸗
296 1188 1145 1258 dan geſetzt / alſo baldt / macherley wilden / er⸗
296 1243 1145 1316 ſchuoͤcklicher Thieren geſtalt an ſich genom⸗
293 1299 1147 1364 men / vñ den gůten alten Vatter Antonium
294 1352 1142 1427 mit jren zaͤnē / neglē vñ hoͤrnern grauſamer
296 1409 1142 1476 geſtalt angereůt haben. Da iſt einsmals / deß
296 1467 1142 1531 ſie ſich nit verſehen / ein heller glaſt vñ liechts
296 1522 1142 1590 ſtreimen entſtandē / vñ den Teuffel ſampt ſer
297 1577 1143 1667 gantzen Burſch zerſteubet. Darauff den
1067 1645 1140 1710 der
