1173 1998
64 113 874 181 boͤſen Geiſter / Das llll. Buch. 37
31 164 876 246 dh. Anthonius / von ſeinē vormals entpfan
36 224 874 301 genen wundēentledigt / daß d HerrChriſtus
29 279 879 352 voꝛhandē were / vermerckt hat / vñ derhalben
33 331 876 417 geſpꝛochen. Wo wareſt du / du guͤtiger Herr
31 392 878 466 Chriſte / wo wareſt duēwarumb biſtu / mei⸗
29 447 881 521 ne wunden zůheilen / nicht gleich anfangs zů
33 501 878 582 gegēē Darauffeine ſtim zů jm geſprochē hat:
28 556 878 637 D Anthoni / ich war zůgegen / aber ich hab
31 612 874 697 mein huͤlff vnd beiſtandt mit fleiß verzogen /
31 667 876 749 darmit vnd ich zůuor / wie du dich wider vnd
34 727 874 804 gegen den boͤſen Geiſtern / in die gegenwehr
36 789 881 862 ſtellen wolteſt / erſehe: dieweil du dich aber iu
34 837 881 922 ſolchem ſtreit vnd kampff / einem mannlichē
34 897 876 980 Helden gnugſam erwieſen vnd erzeigt haſt /
33 952 883 1027 wirt / wie billich / nun hinfort dein nam in al⸗
34 1003 879 1087 ler welt hoch verrhuͤmbt werden. Vnd daß
39 1063 884 1145 ſolches / wie bemeldet / geſchehe / zeuget / wie
43 1117 889 1195 Vincentius im viertzehenden Buch ſchrei⸗
34 1178 884 1255 bet / Athanaſius. Der heilige Hilarius / als
39 1228 884 1307 er auff eine zeit vber die maß von einē Teuf⸗
41 1287 884 1373 fel geengſtiget ward / iſt er jhm letzlich mit
38 1341 884 1430 ernſtlichē Gebett zů Gott dem Herren obge
38 1400 883 1486 legen. Als er aber daſſelbig ein wenig vnter⸗
38 1453 883 1533 ließ / ſatzt der boͤſe feind widerumrucks / vñ zů
41 1513 881 1593 beiden ſeitē an jn / ließ auch hiemit ſpoͤttlicher
43 1566 883 1661 weiß dieſe wort gegen jm lauffen. Wie nun /
753 1625 884 1703 lieber
489 1626 703 1709 Aa iiij
