1181 1996
299 133 392 184 275
460 119 999 184 Von verblendung der
131 174 1136 246 Tuce 12. gleicherweiß wie man dem Weitzen pfleget /
294 236 1136 304 reutteret / am glauben nichts abgienge vnnd
294 287 1136 364 zerrunne / hatt der Herr Chriſtus zůwegen
128 387 1129 482 Epheſ.s poſtel Paulus ſeine Epheſier ſo fleißigklich
292 344 1136 412 bracht. Darumb denn auch der heilige A⸗
292 457 1136 535 vermanet / daß ſie wider alle geſcheidigkeit
289 517 1136 582 des Teuffels wacheten / mit aller wackerkeit
287 567 1134 643 vnnd Gebett fuͤr alle heiligen. Er warnet
287 630 1131 703 auch ſeinē Juͤnger Timotheum / daß er vor
287 680 1131 760 allen dingen das Gebett ſeinē vorgang hab /
287 743 1131 813 deßgleichen die fuͤrbitt vnnd danck fuͤr alle
284 791 1134 874 Menſchen. Es bathen die heiligen Apoſtel
286 853 1132 918 jren Herrn Chriſtum / daß er inen den glau⸗
284 904 1131 984 ben mehrete. Durch das Gebett Moyſe
281 958 1132 1031 ward ſein Schweſter Maria von dem Auſ⸗
282 1017 1131 1089 ſatz entlediget. Vnd als der Vatter des Juͤn
282 1076 1131 1152 gelings / von welchem Matthei am y. ge⸗
281 1134 1129 1209 ſchrieben ſtchet / mit gebogenē knien den Her
277 1190 1129 1265 ren bath. Herr / erbarm dich vber mein Son
279 1244 1127 1314 denn er Monſuͤchtig iſt / vnd vbel gepeiniget
279 1304 1129 1370 wirt / etc. ward der boͤſe Geiſt beſcholten / vñ
277 1355 1127 1432 der gůͤte Knab zůrecht gebracht. Es bezeu⸗
281 1420 1122 1480 get aber erſtgemelter Mann / er glaubte wol /
277 1473 1124 1540 aber jedoch begeret er / daß der Herr Chriſtus
277 1523 1124 1593 ſeinem vnglauben zů hilff keme. Das Grie⸗
281 1580 1124 1666 chiſche weiblein / die Syropheniſſa fiel dem
961 1648 1126 1743 Herren
