1181 1996
296 113 984 187 d0Von verblendung der
289 169 1134 244 ſeien / nicht auß der vrſach / daß Gott darmit
289 234 1131 302 verſuͤnet werde / ſonder / daß die jhenigen ſo
289 282 1132 359 fleiſchlichen geluͤſten ergeben / hinderſich ge⸗
289 347 1131 405 zogen werden. Denn es iſt je / wie Chriſtus
287 395 1132 472 Marci am neundten ſelber zeuget / ein gat⸗
286 452 1134 518 tung boͤſer Geiſtern / welches auff kein au⸗
286 510 1129 580 dere weiß / denn mit faſten vnd betten außge⸗
284 563 1129 635 trieben wirdt / darumb er auch ſeine Juͤnger
286 628 1131 691 fres vnglaubens / von deſſen wegen ſie einen
282 678 1131 755 Teuffel nicht auß zůtreiben vermochtē / har⸗
281 733 1127 810 tigklich beſchalte. Der groſſe Prieſter deß
281 790 1134 863 Herren Eleachim / redet das gantze Iſrael
282 846 1126 923 an mit dieſen worten: Das ſolt jr gewißlich
281 901 1131 971 wiſſen / daß der Herr euwer Gebett erhoͤren
279 959 1131 1029 wirdt / wenn jr anderſtin faſten / vnd Gebett
279 1012 1127 1087 vor ſeinem angeſicht verharren werdet. Der
282 1072 1131 1142 Engel Raphael lehret den Tobiam / es were
279 1129 1127 1204 das Gebett mit faſten / ſehr nuͤtzlich vnd gůt.
281 1180 1127 1259 Es erzehlet Hector Boetius ein geſchicht ſo
277 1245 1127 1312 zů dieſem fuͤrnemmē gantz dienſtlich iſt: Ein
279 1292 1129 1367 Juͤngling in eim Dorff / der Ladſchafft Ga
272 1358 1122 1428 reotha / auff viertzehētauſent ſchritt vngefehr
277 1412 1122 1485 lich von Aberdonien gelegen / beklaget ſich
277 1462 1127 1531 vor dem Pfarꝛherrn ermeltes orts / er wuͤrde
276 1518 1127 1590 von etlich Monaten her von einē boͤſen Gei
279 1576 1127 1664 ſte / ſo jm in eines ſehr ſchoͤuen Weibs geſtalt
924 1643 1122 1709 erſchiene /
