1195 1997
294 153 362 198 20
386 133 965 196 Von verblendung der
291 179 1133 259 derſt dieffer denn auß dem Maul herkom⸗
292 236 1135 316 men / ſollen den Ventriculum vñ Oeſopha⸗
296 294 1135 372 gum zerzerꝛen / oder ſonſt ſchwerlich verle⸗
292 354 1131 424 tzen) außſpeuwen / vnuerletzt den aller nechr
292 412 1130 484 ſten widerumb / als ob jhnen nie nichts de
292 465 1123 542 dingen widerfahren were / eſſen vnnd trin
292 515 1138 589 cken moͤgen. Denn deſſe hab ich mehr denn
292 575 1131 645 ein mal wargenommen Anno 1548. als ich
294 634 1140 708 zů Arnheim inn Geldern / Stattartzet war:
294 685 1140 758 Dahin man denn ſolcher leuten / die der ge⸗
294 742 1141 823 ſtalt vom boͤſen Geiſt gefatzt vnd vmbgetri⸗
292 807 1141 870 ben warden / gantze waͤgen voll bracht / deren
297 855 1138 931 Ventriculum (in welchem offtgemelte ding
291 913 1140 988 muͤſſen gelegen ſein / ſind ſie anders zů vn⸗
294 968 1140 1038 derſt auß dem leib herauß gegangen / wie den̅
292 1025 1135 1101 der mehrtheil vrtheilt) als ich in voꝛ vñ nach
294 1081 1140 1151 dem Vomition gantz fleiſſig inn vieler bey⸗
292 1134 1140 1214 ſein / angreiff / vnnd krefftiglich / obſich / nid⸗
292 1189 1141 1266 ſich / mit der fauſt / hand / fingern / auff man⸗
292 1249 1140 1316 cherley weiß truckte / damit / wenn etwas
294 1303 1138 1381 groſſes / rauchs / ſcharpffs / darinn begriffen
292 1361 1138 1427 were / nit mehr ſich verbergen koͤnnen / ſond´
292 1417 1135 1491 ſich durch widerſtand meiner herten hand /
291 1471 1135 1541 ſo den Ventriculum hin vnnd wider ſtieß /
292 1529 1136 1604 vnd derhalben auch etwas verletzung daruoͤ
292 1587 1133 1670 wurde entpfangen habē / erzeigte / oder durch
1058 1647 1136 1719 ein
