1164 1998
59 106 867 183 boͤſen Geiſter / Das lllI. Buch. 357
219 173 641 239 Das X XVl. Capitel.
134 284 875 346 Ber voꝛgemelte mittel vnnd artzneien
126 337 870 407 halleſampt / wirdt auch nit vbel lauten /
143 397 870 464 daß ein jeder / ſo in diſem Spittal ſiech
23 451 874 517 ligt / nach ſeinem beſten vermoͤgen den Armē
26 504 875 576 handreichung thůͤe / vñ hiermit / wie der theu
24 561 875 631 re Apoſtel Paulus redet / ein Opffer verbꝛin
29 616 874 695 ge / welches vor Gott dem Herrn ein guter
29 672 877 745 geruch vnd angeneme Hoſtien ſey:Welcher
28 727 879 799 denn auch gleicher geſtalt ſeine liebē Roͤmer
31 787 879 857 gantz trugenlich bittet vñ vermanet / daß ſie
28 842 877 912 in allerley anſtoͤſſen vnnd anligen geduͤltig
31 899 882 969 ſeien / auch mit gebett vñ enthebung der Hel
29 952 882 1028 ligen in jren noͤten anhalten. Cornelius der
33 1008 884 1078 Hauptmann / deſſen in den Geſchichten an
33 1067 884 1137 dē zehenden Capitel meldung geſchicht / war
36 1120 884 1200 fuͤr ſein Perſon gantz Geiſtlich vnd Gotts⸗
38 1177 887 1252 foͤrchtig leiſtet auch den duͤrfftigen das All⸗
34 1233 884 1305 muſen reichlich / vnnd dieweil er vber das /
33 1295 889 1363 an idem Herren aller Herren mit geſtren⸗
38 1345 890 1425 gem Gebett jeder zeit anhielte / Lieber mei⸗
34 1408 890 1473 ne / was beſcheid / was antwort hatt er doch
39 1461 892 1530 letzlich von dem Engel Gottes daruͤber em⸗
38 1515 894 1590 gen? Dieſe: O Corneli / dein gebet / auch dein
41 1571 892 1686 Amuſen ſind vor Gotrdem Hart inſeiner
756 1628 894 1708 Goͤtt⸗
