1176 1998
74 93 876 183 boͤſen Geiſter / Das lIll. Buch. 33
28 156 879 239 im nammen des Herren / ſo gib wenig. Deñ
28 216 877 291 du dir einmal / du ſeieſt reich oder arm / du be⸗
29 269 874 351 ſitzeſt wenig oder viel / du mittheileſt auch in
26 328 867 414 Allmuſen weiß groſſes oder kleines / dir auff
26 384 869 471 den tag der not ein zimlichen ſchatz ſamleſt.
28 436 872 521 Denn je das Allmuſen von der Suͤnd vnd
26 494 869 582 dem Tod vns frey / quitt vnd ledig machet /
26 549 872 641 auch nimermehꝛ / daß die Seel in die Finſter
24 611 872 689 nuß verfahr / geſtattet. Es wirt von dem al⸗
23 664 871 752 lerhoͤchſten Koͤnig aller Koͤnige / dem hoͤch⸗
28 719 874 809 ſten Herren aller Herꝛen / das Allmuſen / Ja
23 775 872 865 allen ſo daſſelbige leyſten / ein gꝛoſſer troſt vñ
21 832 869 914 vertrauwen ſein. Bey dem Euangeliſtē Lu⸗
23 889 871 979 ca redet der Herr Jeſus Chriſtus / der mund
21 945 872 1032 aller Warheit / ſelbs eigener Perſon auff ſol⸗
24 1002 869 1090 che weiß: Gebet das Allmuſen den Armen /
21 1062 872 1145 vnnd nemet war / alles wirdt euch rein ſein.
23 1112 874 1205 Daniel gab dem Koͤnig Babylonis einē gů⸗
21 1173 872 1260 ten Freundts raht / daß er durch mittel vnd
21 1225 872 1310 vnterhandlung des Allmuſens / ſeiner See⸗
19 1278 869 1375 len heil vnd erloͤſung / fuͤrderte. Bey Eccle⸗
23 1338 869 1430 ſiaſte liſet man: Gleich wie das waſſer ein
21 1398 867 1485 brennendes feuwer außloͤſchet / alſo reiniget
21 1448 869 1543 auch das Allmuſen die Suͤnde. Welcher
21 1505 867 1591 Herr vergeltung zů leiſten gantz geneigt / der
24 1563 871 1684 ſachkünfftiger jeit wirteingedenckſein dar⸗
583 1633 657 1711 Bl
782 1646 871 1734 mit
