1182 1998
60 113 870 176 boͤſen Geiſter / Das llll. Buch. 389
25 161 870 243 Kloſter verſperret / ein verſchreiben thaͤte / da
25 218 870 301 rinn ich / das ſie mir die hiſtory etlicher von
28 274 871 354 dem boͤſen Geiſt viigetriebenē Kloſterweib⸗
26 334 871 414 lein / ſo auch in dem ſelbigen Kloſter ſich ge⸗
28 384 871 469 halten / zůſchreiben woͤlte / gebetten hatt / hat
30 439 870 521 ſie mir faſt auff dieſe weiß geantwortet: Es
28 496 873 579 ſeien jr noch zwo ſo auff jhre achtzig jar auß⸗
28 556 870 632 hin kommen / vorhandē / von welchen ſie offt
30 609 871 694 gehoͤrt hette / ſie wolten nicht vmb ein groſ⸗
31 666 871 752 ſes daß jnen der ſchwere anſtoß / ſo auß Got⸗
28 722 871 804 tes heiligem willen entſtanden / nicht wider⸗
31 777 875 864 faren were / ditweil ſie eben daher ſonderbare
30 835 873 920 gnad Gottes / vnd erleuchtung jres gemůͤts
30 892 876 969 empfunden hetten / welches denn jr gantzes le
30 947 876 1033 ben gnugſamlich bezeugete. Vnd lieber mcei⸗
31 1003 875 1087 ner / was hatt es doch dem heiligen Antho⸗
33 1060 875 1140 nio geſchadet / daß er ſo grimmige zuchtmei⸗
35 1117 876 1200 ſter / die boͤſen Geiſter nemlich / an jhm jren
33 1173 876 1248 můtwillen zů erſtatten / hat dulden můſſen?
35 1232 880 1308 welchen denn / dieweil vnnd er ſie nach Got⸗
35 1288 876 1365 tes willen vñ wolgefallen hat leiden můͤſſen /
36 1341 880 1425 aller diſer handel zů groͤſſerem gewinn vnnd
40 1405 876 1483 herrligkeit außgeſchlitzt iſt. Sie ſchreib auch
38 1456 880 1533 vnter anderem / wie daß von allen orten her
40 1513 883 1590 ein außbund gelehrter leuten beſchrieben vñ
41 1570 881 1656 beruͤffet weren worden / welche gemelt Teuf
795 1626 883 1708 fels
510 1628 698 1706 Bb iij
