1197 1997
119 119 902 181 boͤſen Geiſter / Das lll. Buch. 21
54 176 897 247 ein vnwillen / ſo von ſolchem hin vnd wider
56 236 898 297 ſchwancken / entſtanden / herauß geſpeuwet
54 291 897 361 wuͤrde. Aber in ſumma ich hab nichts geſe⸗
54 342 897 417 hen / das durch den Vomitum dieweil her⸗
56 401 898 477 auß gegangen / vnd wenn etwas herauß ge⸗
56 454 897 529 gangen / das dem Ventriculo ein einiger
56 517 898 587 ſchad darob widerfahren ſeye. Welches aber
53 567 898 637 in keinen weg were moͤglich geweſen / wenn
53 624 898 695 die materi / ſo wir alle mit vnſern augen ſa⸗
53 680 892 758 hen / tieffer denn auß dem Maul herauff ge⸗
56 740 293 812 ſtigen were.
101 787 898 858 Ein wunderbare Hiſtori / von einem beſeß⸗
54 840 900 896 nen Maͤgetlein / welches man vermeinet von
54 888 900 941 den Unholden veruntreuwet worden ſein / da
54 928 898 996 Denn auch auß anlaß von dem zeichen des hei
53 976 767 1040 ligen Creutzes etwas eingefůrt wirdt.
268 1025 665 1081 Das Dritte Capitel.
133 1073 892 1143 S ward auch vnder andern ein jun⸗
174 1126 897 1199 ges Toͤchterlein von 15. oder 16. jarn
123 1178 897 1259 vngefehrlich gleicher geſtalt von mir
51 1236 898 1308 gehalten / vnd contrectiert / vnnd als vber ein
51 1293 898 1364 kleine weil / jr Vatter ſo zugegen / vnnd ſonſt
44 1351 895 1426 noch einer der jhrer weiſen gewonet war /
49 1406 894 1476 mercken / daß ſie abermal vnwillet / hab ich
49 1467 900 1537 von ſtundan gantz fleiſſig / alſo / daß ich mei⸗
48 1524 902 1590 ne augen nie verwendt / auff jren mund acht
51 1575 902 1662 gehabt / vñ in einem augenblick / ein ſchwartz
597 1639 655 1712 iij
740 1632 900 1710 ſtůcklin
