1182 1998
63 86 878 161 böͤſen Geiſter. Das lIll. Bůch. 394
30 141 875 228 rhat zůͤ meinem gegenwertigem fuͤrnemen
31 199 876 276 gantz nuͤtzlich vermeint hab: Auch hieneben
30 253 878 334 mennigklichem zůuerſtehn gebē / das die Klo
35 308 875 397 ſterfrewlein nicht ſo gar / wie aber etlich fraͤ⸗
33 364 876 447 uenlicher weiß halten / verdampt vnd verlo⸗
33 419 881 509 ren ſeien. Wiewol ich hieneben nit abſein
35 481 881 556 kan / das an jnen / von wegen jhrer vnwiſſen⸗
40 534 885 622 heit vñ leichter vnterrichtung / nach vil man
38 586 886 674 gels vnd gepreſtens iſt. Nun als ich aber fol
40 644 886 734 gender zeit ſelbs eigener Perſon inn vorges⸗
36 700 885 782 meltes Kloſter kommen / habe ich mit der ei⸗
40 760 885 847 nen gemelten Kloſteruetlen ſpraach gehal⸗
41 814 885 900 ten / welche (des ſie ſich fuͤrwar zůͤ verwun⸗
43 869 885 957 dern / zehen jar an einander in dieſem Spil⸗
45 927 890 1010 tal kranck gelegen war / deſſen aber ſie Gott
46 984 886 1063 dem Herren groß lob vnd danck ſagte: auch
50 1038 891 1130 hiebey fuͤr gewiß bezeugete / wenn ſie anderſt
48 1095 896 1183 alters halb vermoͤchte / wolte ſie von hertzen
50 1148 895 1240 gern noch ein mahl vor jrem todt durch ſol⸗
51 1205 895 1290 che brendt / vnd alſo zůreden / Teuffelsſpieß
53 1265 898 1353 gejaget werden. Vnter anderem aber al⸗
53 1317 898 1406 lem ſampt / hatt ſie mich mit gantz groſſem
55 1375 900 1465 ernſt vermahnet / wo es ſach wer / daß ich v⸗
56 1433 903 1525 ber kurtz oder lang / zů beſeſſenen / vñ von den
58 1488 901 1576 boͤſen Geiſtern gefangenen beſchicket wur⸗
61 1546 898 1648 de/daß ich mich / wie man pfieget zůſagen /
813 1605 906 1674 mit
501 1606 705 1689 Bb iiij
