<?xml version="1.0" encoding="UTF-8"  standalone="yes"?>
<PcGts xmlns="http://schema.primaresearch.org/PAGE/gts/pagecontent/2019-07-15" xmlns:xsi="http://www.w3.org/2001/XMLSchema-instance" xsi:schemaLocation="http://schema.primaresearch.org/PAGE/gts/pagecontent/2019-07-15 http://schema.primaresearch.org/PAGE/gts/pagecontent/2019-07-15/pagecontent.xsd">
  <Metadata externalRef="https://content.staatsbibliothek-berlin.de/dc/813172837-0414/full/full/0/default.jpg">
	<Creator>escriptorium</Creator>
	<Created>2023-03-06T11:57:54.564068+00:00</Created>
        <LastChange>2023-03-06T11:57:54.564085+00:00</LastChange>

  </Metadata>
  <Page imageFilename="413_8d47e_default.jpg" imageWidth="1187" imageHeight="1997">

    
    <TextRegion id="eSc_textblock_8bb99d20"  >
      <Coords points="346,93 993,106 1015,146 1140,179 1140,1675 1120,1689 1042,1682 1007,1635 286,1615 286,113 346,93"/>
      
      
      <TextLine id="eSc_line_457d434f" >
        <Coords points="990,106 972,104 957,104 940,104 923,104 907,103 895,103 892,106 869,103 857,103 840,103 825,101 819,108 817,108 815,108 800,101 790,101 774,101 764,101 757,108 750,108 710,99 707,99 690,99 674,99 657,98 640,98 567,108 557,108 554,108 526,96 524,96 507,96 491,94 474,94 472,94 471,94 469,94 467,94 467,96 454,108 449,111 296,108 291,108 293,156 293,166 993,158 995,153 992,109 990,106"/>
        <Baseline points="293,156 995,153"/>
        <TextEquiv>
          <Unicode>304 Von verblendung der</Unicode>
        </TextEquiv>
      </TextLine>

      
      
      <TextLine id="eSc_line_1212ae1d" >
        <Coords points="1122,174 1105,169 1088,166 1085,164 920,156 918,156 807,161 712,164 546,156 539,156 522,156 507,156 499,163 474,156 472,156 456,156 439,156 422,156 406,156 392,156 326,161 309,156 306,156 304,154 293,151 291,206 289,221 1130,221 1132,213 1130,176 1122,174"/>
        <Baseline points="291,206 1132,213"/>
        <TextEquiv>
          <Unicode>ſonder das Gloria patri, das iſt Ehꝛ ſey dem</Unicode>
        </TextEquiv>
      </TextLine>

      
      
      <TextLine id="eSc_line_366bafa5" >
        <Coords points="297,262 296,272 1128,281 1132,267 1130,219 297,218 297,262"/>
        <Baseline points="297,262 1132,267"/>
        <TextEquiv>
          <Unicode>Vatter vnd dem Son / etc. mit einander ſin</Unicode>
        </TextEquiv>
      </TextLine>

      
      
      <TextLine id="eSc_line_0a80d946" >
        <Coords points="1092,267 1090,267 1088,267 1087,267 1075,276 1053,267 1052,267 1050,267 1002,276 995,276 291,269 291,319 289,334 1127,331 1128,322 1128,277 1093,267 1092,267"/>
        <Baseline points="291,319 1128,322"/>
        <TextEquiv>
          <Unicode>gen wolten. Das iſt / bey glaubē / ein gedecht</Unicode>
        </TextEquiv>
      </TextLine>

      
      
      <TextLine id="eSc_line_772aeb63" >
        <Coords points="288,376 286,387 1125,394 1128,381 1128,336 1037,326 1035,326 1033,326 1032,326 1022,334 1022,336 918,336 910,334 844,324 764,324 762,324 760,324 759,324 759,326 750,332 750,334 682,334 680,332 672,324 670,324 669,324 667,324 584,332 569,332 559,331 497,322 496,322 288,329 288,376"/>
        <Baseline points="288,376 1128,381"/>
        <TextEquiv>
          <Unicode>nuß wirdig exempel vnd beiſpiel / eines meu⸗</Unicode>
        </TextEquiv>
      </TextLine>

      
      
      <TextLine id="eSc_line_d2e23404" >
        <Coords points="1073,381 1072,381 1050,389 1038,381 1037,381 1035,381 1033,381 1032,381 1012,389 1008,389 1002,387 963,381 962,381 927,387 912,389 893,386 862,381 860,381 859,381 849,386 840,391 774,391 765,384 762,381 760,381 759,381 757,381 755,381 754,381 750,384 742,389 617,389 610,382 609,381 609,379 607,379 605,379 604,379 556,381 424,387 406,379 404,379 402,379 401,379 367,387 289,377 289,431 288,447 669,442 674,445 679,450 680,450 682,450 684,450 840,444 875,444 898,444 1107,452 1108,452 1110,452 1112,452 1123,442 1125,434 1123,391 1075,381 1073,381"/>
        <Baseline points="289,431 1125,434"/>
        <TextEquiv>
          <Unicode>ſchen der ſich ſelbs verleugnet / vnd im ſelber</Unicode>
        </TextEquiv>
      </TextLine>

      
      
      <TextLine id="eSc_line_d7ddb003" >
        <Coords points="289,485 288,494 332,504 334,504 659,499 710,507 712,507 1130,500 1132,492 1130,439 289,439 289,485"/>
        <Baseline points="289,485 1132,492"/>
        <TextEquiv>
          <Unicode>vrlaub / alſo zůreden / geben hat. Ein ſonder⸗</Unicode>
        </TextEquiv>
      </TextLine>

      
      
      <TextLine id="eSc_line_c62d7a47" >
        <Coords points="288,544 286,552 1127,559 1130,547 1128,505 1075,495 1073,495 1028,504 1027,504 1025,504 967,495 965,495 963,495 930,504 927,505 795,505 792,502 777,495 775,495 774,495 687,502 679,502 670,495 670,494 669,494 667,494 665,494 664,494 644,502 642,502 639,502 604,494 602,494 559,502 552,502 549,500 534,494 532,494 531,494 497,500 492,502 491,500 484,495 484,494 482,494 481,494 479,494 477,494 454,500 447,502 439,500 404,494 402,494 401,494 387,500 382,502 374,500 349,494 347,494 346,494 288,499 288,544"/>
        <Baseline points="288,544 1130,547"/>
        <TextEquiv>
          <Unicode>bare / auch zů gelegener zeit / ort vnnd andern</Unicode>
        </TextEquiv>
      </TextLine>

      
      
      <TextLine id="eSc_line_338f0bce" >
        <Coords points="288,597 286,614 412,617 414,617 416,617 424,614 441,609 457,614 469,619 471,619 472,619 474,619 491,614 509,610 531,614 552,619 554,619 556,619 557,619 561,614 567,610 600,614 649,620 650,620 712,614 742,612 747,614 755,620 757,620 759,620 760,620 835,614 854,614 862,614 902,622 903,622 905,622 922,614 925,614 928,614 960,624 962,624 963,624 1130,614 1132,605 1132,552 288,552 288,597"/>
        <Baseline points="288,597 1132,605"/>
        <TextEquiv>
          <Unicode>vmbſtenden / welche einen anlaß in die hende</Unicode>
        </TextEquiv>
      </TextLine>

      
      
      <TextLine id="eSc_line_09f3e8f8" >
        <Coords points="1057,605 1048,605 1047,605 1045,605 1043,605 1043,607 1032,614 1020,607 1020,605 1018,605 1017,605 1015,605 1013,605 1012,605 1012,607 1000,614 937,607 920,605 918,605 882,607 790,612 782,607 777,604 775,604 774,604 772,604 695,607 615,612 597,609 569,602 567,602 566,602 552,609 547,610 531,609 484,602 482,602 481,602 479,602 471,609 469,610 459,609 424,602 422,602 421,602 404,609 399,610 291,610 291,657 289,668 1125,672 1128,662 1122,605 1110,614 1058,605 1057,605"/>
        <Baseline points="291,657 1128,662"/>
        <TextEquiv>
          <Unicode>geben / an den Teuffelſuͤchtigen zůbzauchen /</Unicode>
        </TextEquiv>
      </TextLine>

      
      
      <TextLine id="eSc_line_57eba497" >
        <Coords points="877,662 875,662 874,662 867,664 849,670 787,664 750,660 749,660 747,660 734,664 717,668 710,664 707,660 705,660 704,660 702,660 667,664 632,667 619,664 607,660 605,660 592,660 582,664 572,667 564,664 552,659 539,659 534,664 529,667 432,667 431,664 426,659 422,659 406,659 389,659 372,659 366,659 289,662 289,712 288,718 429,730 431,732 1127,732 1128,722 1125,665 898,670 884,664 879,662 877,662"/>
        <Baseline points="289,712 1128,722"/>
        <TextEquiv>
          <Unicode>vnd zů nutz zůzichen Hiſtori vnnd geſchicht /</Unicode>
        </TextEquiv>
      </TextLine>

      
      
      <TextLine id="eSc_line_b0c31f4e" >
        <Coords points="865,720 864,720 862,720 825,722 732,728 719,722 710,718 709,718 707,718 705,718 695,723 685,727 637,723 581,718 579,718 577,718 576,718 569,723 562,727 541,723 512,718 511,718 449,723 427,725 426,723 419,718 419,717 417,717 416,717 414,717 289,723 289,768 288,777 312,785 314,785 316,787 1127,787 1128,775 1125,722 1013,730 875,730 869,722 867,722 867,720 865,720"/>
        <Baseline points="289,768 1128,775"/>
        <TextEquiv>
          <Unicode>wil ich / meins bedunckens nicht vngereiifit /</Unicode>
        </TextEquiv>
      </TextLine>

      
      
      <TextLine id="eSc_line_ee49b6fa" >
        <Coords points="288,825 286,837 559,837 564,837 604,845 605,845 800,838 809,838 810,838 850,847 852,847 1130,838 1132,830 1132,783 288,775 288,825"/>
        <Baseline points="288,825 1132,830"/>
        <TextEquiv>
          <Unicode>an einem fuͤruͤbergehn einlauffen laſſen. Es</Unicode>
        </TextEquiv>
      </TextLine>

      
      
      <TextLine id="eSc_line_f6a199ca" >
        <Coords points="1030,830 1028,830 1020,830 1008,830 807,837 800,832 799,830 799,828 797,828 795,828 794,828 710,832 595,837 571,833 537,827 536,827 502,833 487,837 414,837 412,833 406,828 406,827 404,827 402,827 401,827 288,833 288,882 286,890 301,898 302,898 304,898 1127,893 1128,887 1125,830 1072,838 1033,830 1030,830"/>
        <Baseline points="288,882 1128,887"/>
        <TextEquiv>
          <Unicode>iſt nit lengeſt ein Moͤnch der Abtey Knech⸗</Unicode>
        </TextEquiv>
      </TextLine>

      
      
      <TextLine id="eSc_line_ceca4f0d" >
        <Coords points="958,887 854,888 852,888 850,888 837,898 834,898 734,885 732,885 665,896 650,885 649,885 647,885 645,885 644,885 627,893 557,885 556,885 469,895 467,895 386,883 386,883 369,883 362,883 299,893 286,936 284,946 1130,956 1133,945 1132,901 960,887 958,887"/>
        <Baseline points="286,936 1133,945"/>
        <TextEquiv>
          <Unicode>tenſtein / mit namen Philipp Weſſelich von</Unicode>
        </TextEquiv>
      </TextLine>

      
      
      <TextLine id="eSc_line_9b601493" >
        <Coords points="1068,945 1058,945 1050,951 1023,945 1018,945 1010,945 995,953 867,953 855,943 852,943 835,943 834,943 794,953 775,941 769,941 760,941 725,953 670,953 669,953 645,941 635,941 629,940 522,951 507,940 502,940 496,940 472,951 454,940 452,940 451,940 351,938 349,938 347,938 346,938 346,940 332,953 297,953 286,991 284,1000 571,1013 572,1013 610,1005 627,1013 629,1013 630,1013 682,1005 759,1013 760,1013 762,1013 787,1005 850,1015 852,1015 854,1015 879,1006 898,1015 900,1015 902,1015 1132,1005 1133,996 1132,956 1082,945 1068,945"/>
        <Baseline points="286,991 1133,996"/>
        <TextEquiv>
          <Unicode>Coͤlnbuͤrtig geweßt / auffrechtes / jedoch ein⸗</Unicode>
        </TextEquiv>
      </TextLine>

      
      
      <TextLine id="eSc_line_87e87e67" >
        <Coords points="288,1048 286,1063 417,1058 444,1065 454,1068 456,1068 457,1068 459,1068 471,1065 492,1060 624,1065 750,1070 752,1070 754,1070 774,1065 787,1061 800,1065 829,1071 830,1071 832,1071 834,1071 835,1071 842,1065 844,1063 845,1065 862,1071 864,1071 865,1071 898,1065 908,1063 918,1065 972,1073 973,1073 1130,1063 1132,1056 1130,1011 624,996 622,996 620,996 614,1000 602,1006 477,1006 457,996 454,995 452,995 451,995 449,995 444,996 424,1001 288,993 288,1048"/>
        <Baseline points="288,1048 1132,1056"/>
        <TextEquiv>
          <Unicode>feltiges hertzens: Welcher als man zalt von</Unicode>
        </TextEquiv>
      </TextLine>

      
      
      <TextLine id="eSc_line_7883313a" >
        <Coords points="286,1111 354,1123 356,1123 484,1114 501,1124 502,1124 504,1124 506,1124 567,1116 602,1124 604,1124 605,1124 607,1124 609,1124 609,1123 617,1116 709,1126 710,1126 712,1126 749,1118 792,1126 794,1126 898,1118 918,1128 920,1128 922,1128 1130,1118 1132,1111 1128,1058 965,1066 865,1058 864,1058 787,1065 775,1055 774,1055 772,1055 770,1055 769,1055 767,1055 740,1065 640,1065 620,1055 617,1053 615,1053 614,1053 577,1055 436,1061 427,1053 426,1053 426,1051 424,1051 422,1051 421,1051 419,1051 412,1053 391,1063 312,1063 289,1053 288,1105 286,1111"/>
        <Baseline points="288,1105 1132,1111"/>
        <TextEquiv>
          <Unicode>der geburt Chriſti ꝛ5s0. vonn einem boͤſen</Unicode>
        </TextEquiv>
      </TextLine>

      
      
      <TextLine id="eSc_line_48152ba8" >
        <Coords points="1098,1111 1097,1111 947,1119 935,1119 932,1119 903,1111 902,1111 900,1111 857,1119 852,1119 850,1119 835,1109 834,1109 832,1109 830,1109 764,1118 762,1119 655,1119 655,1118 647,1111 647,1109 645,1109 644,1109 642,1109 529,1116 502,1108 501,1108 499,1108 289,1114 289,1164 288,1173 309,1181 311,1181 312,1181 471,1174 571,1183 572,1183 1127,1176 1128,1169 1128,1121 1100,1111 1098,1111"/>
        <Baseline points="289,1164 1128,1169"/>
        <TextEquiv>
          <Unicode>Geiſt / ſo die geſtalt eines feißten wolgemeß⸗</Unicode>
        </TextEquiv>
      </TextLine>

      
      
      <TextLine id="eSc_line_43b3370d" >
        <Coords points="288,1218 286,1228 1128,1238 1132,1224 1130,1179 288,1173 288,1218"/>
        <Baseline points="288,1218 1132,1224"/>
        <TextEquiv>
          <Unicode>ten Abts / der aber vor vielen jaren dem alten</Unicode>
        </TextEquiv>
      </TextLine>

      
      
      <TextLine id="eSc_line_5eb2215a" >
        <Coords points="784,1223 782,1223 780,1223 779,1223 777,1223 770,1228 764,1234 742,1228 722,1223 720,1223 719,1223 717,1223 694,1229 670,1234 649,1229 620,1221 619,1221 617,1221 571,1229 556,1233 551,1229 541,1221 539,1221 537,1221 536,1221 534,1221 516,1229 509,1233 497,1231 452,1219 451,1219 449,1219 447,1219 432,1231 431,1231 426,1231 354,1223 352,1223 297,1231 286,1276 284,1283 352,1293 354,1293 422,1286 427,1286 429,1286 451,1294 452,1294 454,1294 564,1289 591,1288 597,1289 617,1296 619,1296 620,1296 652,1289 660,1289 1117,1298 1120,1284 1118,1226 1065,1226 1063,1226 1062,1226 1033,1238 968,1226 962,1226 960,1226 958,1226 957,1226 942,1236 805,1236 792,1228 785,1223 784,1223"/>
        <Baseline points="286,1276 1120,1284"/>
        <TextEquiv>
          <Unicode>vnd groſſen hauffen zůgefaren war / an ſich</Unicode>
        </TextEquiv>
      </TextLine>

      
      
      <TextLine id="eSc_line_17abe831" >
        <Coords points="291,1336 293,1354 321,1346 426,1352 451,1354 452,1354 454,1354 459,1352 481,1346 494,1352 497,1354 499,1354 501,1354 502,1354 511,1352 534,1346 630,1351 702,1354 704,1354 740,1349 770,1346 779,1349 790,1354 792,1354 794,1354 795,1354 809,1349 817,1346 832,1349 864,1354 865,1354 1130,1344 1130,1336 1128,1289 291,1289 291,1336"/>
        <Baseline points="291,1336 1130,1336"/>
        <TextEquiv>
          <Unicode>genomen / grauſamer geſtalt angefochten vñ</Unicode>
        </TextEquiv>
      </TextLine>

      
      
      <TextLine id="eSc_line_9d3470f7" >
        <Coords points="1080,1337 1040,1346 1038,1346 1037,1346 978,1337 977,1337 938,1346 933,1346 917,1346 785,1337 784,1337 727,1344 710,1346 700,1344 669,1337 654,1337 649,1337 609,1344 602,1344 597,1344 572,1337 571,1337 556,1337 541,1342 536,1344 517,1342 456,1337 454,1337 437,1337 426,1337 411,1342 406,1344 402,1342 396,1337 387,1337 371,1337 362,1337 288,1341 288,1391 286,1404 1127,1406 1130,1394 1128,1347 1082,1337 1080,1337"/>
        <Baseline points="288,1391 1130,1394"/>
        <TextEquiv>
          <Unicode>gepeinigt ward. Denn er offtermals von im</Unicode>
        </TextEquiv>
      </TextLine>

      
      
      <TextLine id="eSc_line_b466081e" >
        <Coords points="284,1444 283,1452 1130,1457 1133,1451 1130,1396 284,1396 284,1444"/>
        <Baseline points="284,1444 1133,1451"/>
        <TextEquiv>
          <Unicode>biß vnter das dach geſchleifft / vnterweilē zwi</Unicode>
        </TextEquiv>
      </TextLine>

      
      
      <TextLine id="eSc_line_af5f3cea" >
        <Coords points="1053,1451 1042,1451 1037,1452 1015,1459 995,1452 990,1451 987,1451 970,1451 963,1451 913,1459 905,1452 905,1451 903,1451 902,1451 900,1451 897,1451 855,1459 794,1449 787,1449 772,1449 770,1449 764,1456 707,1449 705,1449 619,1457 544,1447 537,1447 521,1447 507,1447 467,1456 456,1446 454,1446 452,1446 451,1446 449,1446 447,1446 434,1456 371,1446 369,1446 367,1446 366,1446 352,1456 296,1446 288,1446 288,1502 286,1517 446,1511 486,1519 502,1521 504,1521 519,1517 554,1511 587,1517 597,1519 599,1519 610,1517 635,1512 640,1517 647,1522 649,1522 650,1522 652,1522 735,1516 789,1512 795,1516 804,1522 805,1522 807,1522 809,1522 810,1522 835,1516 839,1514 840,1516 849,1522 849,1524 850,1524 852,1524 854,1526 920,1526 920,1524 922,1524 923,1524 923,1522 932,1516 990,1524 992,1524 993,1524 1013,1514 1015,1514 1058,1524 1060,1524 1123,1512 1125,1507 1122,1454 1085,1459 1063,1452 1057,1451 1053,1451"/>
        <Baseline points="288,1502 1125,1507"/>
        <TextEquiv>
          <Unicode>ſchen das glocken achenck hinein geſtoſſen /</Unicode>
        </TextEquiv>
      </TextLine>

      
      
      <TextLine id="eSc_line_387e34b1" >
        <Coords points="869,1507 810,1511 710,1516 680,1511 649,1506 647,1506 544,1512 497,1514 491,1512 471,1504 469,1504 467,1504 299,1512 286,1555 284,1562 372,1574 374,1574 489,1565 622,1565 632,1575 634,1575 635,1575 637,1575 639,1575 674,1567 684,1575 685,1575 687,1575 689,1575 690,1575 692,1575 704,1567 722,1575 724,1575 725,1575 825,1569 834,1575 834,1577 835,1577 837,1577 922,1579 923,1580 1098,1580 1098,1579 1100,1579 1128,1569 1130,1562 1125,1509 1088,1517 975,1509 962,1509 960,1509 955,1509 920,1517 885,1509 870,1507 869,1507"/>
        <Baseline points="286,1555 1130,1562"/>
        <TextEquiv>
          <Unicode>auch etwan vber die mauren hinauß getragē</Unicode>
        </TextEquiv>
      </TextLine>

      
      
      <TextLine id="eSc_line_9ed1a768" >
        <Coords points="591,1559 589,1559 587,1559 576,1560 532,1570 516,1560 514,1559 506,1559 489,1557 472,1557 459,1557 457,1557 456,1557 454,1557 451,1560 436,1569 359,1559 337,1557 336,1557 334,1557 329,1559 309,1567 291,1559 289,1612 288,1635 396,1634 434,1644 441,1645 442,1645 444,1645 452,1645 517,1635 542,1649 569,1662 571,1662 572,1662 617,1652 637,1647 662,1654 687,1660 689,1660 690,1660 692,1660 704,1655 710,1652 720,1655 747,1667 749,1667 750,1667 752,1667 754,1667 764,1659 827,1659 830,1660 839,1669 840,1669 842,1669 844,1669 887,1664 889,1664 890,1664 917,1645 977,1645 1005,1669 1008,1672 1010,1672 1012,1672 1013,1674 1123,1674 1125,1624 1122,1565 1067,1575 1000,1565 998,1565 895,1575 865,1564 864,1564 862,1564 860,1564 827,1572 817,1564 817,1562 815,1562 814,1562 812,1562 810,1562 809,1562 769,1574 694,1572 679,1562 679,1560 677,1560 675,1560 674,1560 664,1562 609,1570 594,1560 592,1559 591,1559"/>
        <Baseline points="289,1612 1125,1624"/>
        <TextEquiv>
          <Unicode>ward. Man hat ſhnauch nitnur einmal⸗</Unicode>
        </TextEquiv>
      </TextLine>

      
      
      <TextLine id="eSc_line_7fe82e38" >
        <Coords points="1130,1632 1088,1625 1087,1625 1045,1634 1045,1677 1045,1692 1133,1689 1133,1677 1133,1674 1130,1632"/>
        <Baseline points="1045,1677 1133,1677"/>
        <TextEquiv>
          <Unicode>mit</Unicode>
        </TextEquiv>
      </TextLine>

      
    </TextRegion>
    

    
  </Page>
</PcGts>
