1187 1997
279 133 371 189 226
406 119 1015 181 — Von verblendund der
276 169 1115 246 Die Coͤlniſchen Theologi als ſie ob dieſer
276 232 1117 299 ſach rahtsgefragt / ſind daran geweſen / das
274 289 1117 356 der bitt deß Geiſts nochkummen wurde vnd
274 344 1117 416 genug beſchehe: es begertens auch die vbri⸗
278 394 1117 474 gen Moͤnch vnd das Capitulariter / wie ſie
276 454 1117 529 pflegen zureden / von jhrem Apt / ſo noch da⸗
274 512 1118 584 zumal in leben / mit namen D. Gerardus
274 565 1120 644 Strailgen Morſenſis / wellicher der mei⸗
273 624 1117 695 nung geweſen iſt / mit geſunder vnderwei⸗
276 683 1112 752 ſung vnnd ernſtlicher beſcheltung / das auff
271 742 1088 810 ein andere weiß Philippo zůhelffen ſeye:
274 793 1115 862 Nemlich das man jhme mit ernſt vermane /
273 850 1118 918 das er mit lebendigem glauben ſich Gott dē
274 908 1113 981 Vatter aller barmhertzigheit / vnnd Chriſto
271 965 1118 1026 vnſerem einigen erloͤſer von hertzen vertrau⸗
269 1020 1117 1090 we / vnd alſo deß Teuffels trug mit mannli⸗
268 1075 1115 1138 chem hertzen verachtete vnnd in den windt
273 1129 1112 1206 ſchlůge / Vnnd ſo der Geiſt vber kurtz oder
266 1189 1113 1254 lang widerkommen wurde / ſolle er jhme zů
266 1243 1115 1309 antwort geben / er ſeye ſeinen ſelbſt nit mech⸗
268 1306 1115 1372 tig / ſonder eines anderen gewallt vnderthan /
264 1356 1113 1427 derohalben er jhn ſeiner bitt in kein weg ge⸗
263 1412 1115 1484 weren koͤnne. Vñ als ſollichs beſchehen / hat
263 1469 1113 1541 der Geiſt geantwort / Sags dem hoͤheren.
263 1526 1113 1590 Dann er jhe von ihme ſein fuͤrnemmen zuͤ⸗
261 1580 1113 1670 beſtetigen ein hoffnung gefaſt hat. Derhal⸗
1033 1639 1115 1704 ben
