1190 1997
281 133 978 214 2αb Von verblendung der
324 193 1121 256 Wie man ſich Halten fol / wenn etwann ein
277 241 1121 297 Boͤſer Geiſt einen Aenſchen / Mlanns oder
277 286 1121 359 Weibs Perſon / zů chelicher beiwonung vntu
276 336 594 399 gentlich machet.
466 374 930 437 Das X Xvill. Capitel.
382 427 1120 504 rJe aber der ſach zůͤhelffen ſey / wenn
379 490 1123 557 etwann der boͤſe Feindt einem Men⸗
401 545 1123 610 ſchen / er ſey gleich Manns oder Wei
271 594 1121 665 besperſon zů chelicher beywonung vnnuͤtz⸗
271 649 1120 720 lich machet / das lehret vns Igmarus Archi
272 705 1120 780 epiſcopus Remēſis / da er alſo ſchreibt: Weñ
272 768 1123 838 vnterweilen durch boͤſe ſchedliche Teuffels⸗
269 817 1121 888 kuͤnſt auß verborgenem / jedoch vnterweilen
272 875 1121 945 gerechtem vrtheil Gottes auß antrippelen
267 930 1121 1008 des Sathans die ſach dahin kompt / daß ein
267 986 1118 1061 Mann oder Weib veruntreuwet / vnd jhrer
267 1046 1120 1121 natur beraubt wirt / ſo ſind die jenigen ſo ſol⸗
267 1106 1120 1171 ches begegnet / zůuermanen / daß ſie mit er⸗
267 1156 1116 1233 ſchlagenem hertzen vnnd demuͤtigem Geiſt
269 1218 1111 1286 Gott dem Herren vñ dem Pieſter auß auff
266 1268 1118 1344 rechtem hertzen beichten / vnd jre miſſethaten
266 1324 1116 1397 bekennet. Es ſchreibt auch Vlricus Moli⸗
266 1377 1116 1452 tor von einem handel / ſo ſich zů diſem fuͤrne⸗
264 1439 1116 1512 mhen nicht vbel reimet. Deñ alls auff ein zeit
264 1492 1118 1562 zů Coſtentz an dem Choigericht ein zanck ēiit
264 1555 1111 1624 ſtund zwiſchen einem Weib vñ jrem Mañ /
264 1605 1115 1692 auß vrſach daß ſie als klaͤgerein / jhn den be⸗
940 1670 1110 1742 klagten /
