<?xml version="1.0" encoding="UTF-8"  standalone="yes"?>
<PcGts xmlns="http://schema.primaresearch.org/PAGE/gts/pagecontent/2019-07-15" xmlns:xsi="http://www.w3.org/2001/XMLSchema-instance" xsi:schemaLocation="http://schema.primaresearch.org/PAGE/gts/pagecontent/2019-07-15 http://schema.primaresearch.org/PAGE/gts/pagecontent/2019-07-15/pagecontent.xsd">
  <Metadata externalRef="https://content.staatsbibliothek-berlin.de/dc/813172837-0042/full/full/0/default.jpg">
	<Creator>escriptorium</Creator>
	<Created>2023-03-01T12:04:38.534451+00:00</Created>
        <LastChange>2023-03-01T12:04:38.534468+00:00</LastChange>
  </Metadata>
  <Page imageFilename="41_c7c31_default.jpg" imageWidth="1195" imageHeight="1997">
    <TextRegion id="eSc_textblock_700ff2ac"  >
      <Coords points="439,119 961,126 996,166 1141,199 1148,1642 1121,1702 1050,1695 1015,1649 299,1655 286,1635 286,159 299,133 404,146 439,119"/>
      <TextLine id="eSc_line_567c0648" >
        <Coords points="958,124 955,124 942,124 925,124 908,124 892,124 875,124 858,124 842,124 825,123 808,123 792,123 775,123 758,123 742,123 725,123 709,123 692,121 675,121 659,121 642,121 625,121 624,121 612,131 585,131 499,119 492,119 476,119 459,119 442,119 426,128 409,139 392,144 376,143 359,139 342,138 326,136 314,133 306,133 292,141 294,176 294,189 342,181 961,181 965,169 963,131 958,124"/>
        <Baseline points="294,176 965,169"/>
        <TextEquiv>
          <Unicode>22 Von verblendung der</Unicode>
        </TextEquiv>
      </TextLine>
      <TextLine id="eSc_line_d15c6121" >
        <Coords points="1091,188 1075,184 1058,179 1041,176 1025,173 1006,179 1006,181 990,181 830,181 793,171 792,173 778,173 755,183 532,174 530,174 529,174 502,186 314,178 312,178 311,178 309,178 292,188 294,234 296,252 326,242 451,249 462,249 464,249 466,249 467,249 482,239 590,239 627,246 644,247 645,247 647,247 654,244 667,237 773,242 843,244 845,244 1130,232 1131,222 1106,189 1091,188"/>
        <Baseline points="294,234 1131,222"/>
        <TextEquiv>
          <Unicode>ſtuͤcklin grobs tůchs vber die zungen geſpan⸗</Unicode>
        </TextEquiv>
      </TextLine>
      <TextLine id="eSc_line_6aa4f1e0" >
        <Coords points="294,287 294,296 457,304 459,304 461,304 462,304 477,294 479,294 487,294 552,302 554,302 652,292 664,292 684,292 863,299 865,299 867,299 900,291 960,299 961,299 1018,289 1021,289 1025,289 1106,297 1108,297 1110,297 1131,287 1131,279 1126,231 855,239 827,236 795,231 793,231 792,231 777,236 765,241 735,237 700,232 699,232 697,232 677,237 667,241 662,239 650,232 649,232 647,232 645,232 632,239 624,242 614,239 599,234 597,234 542,234 540,234 539,234 537,234 537,236 530,241 529,242 504,241 419,236 417,236 416,236 402,242 399,244 391,244 339,236 337,236 292,244 294,287"/>
        <Baseline points="294,287 1131,279"/>
        <TextEquiv>
          <Unicode>nen erſehen. Vnnd ohn allen verzug / es mit</Unicode>
        </TextEquiv>
      </TextLine>
      <TextLine id="eSc_line_4fa193ce" >
        <Coords points="296,344 296,362 1131,347 1133,336 1130,289 740,287 738,287 684,296 682,296 679,296 629,287 627,287 562,297 532,289 530,289 529,289 457,299 309,291 307,291 306,291 304,291 294,297 296,344"/>
        <Baseline points="296,344 1133,336"/>
        <TextEquiv>
          <Unicode>den fingern ergꝛiffen / vñ ſampt einem gantzē</Unicode>
        </TextEquiv>
      </TextLine>
      <TextLine id="eSc_line_0242f053" >
        <Coords points="297,402 297,417 512,407 594,414 595,414 597,414 599,414 617,406 690,412 692,412 694,412 725,404 765,412 768,412 770,412 783,412 952,402 1011,409 1013,409 1015,409 1016,409 1018,409 1033,399 1130,407 1133,389 1130,347 504,347 502,347 296,359 297,402"/>
        <Baseline points="297,402 1133,389"/>
        <TextEquiv>
          <Unicode>guͤmpelmarckt / vieler andrer ſeltzamer din⸗</Unicode>
        </TextEquiv>
      </TextLine>
      <TextLine id="eSc_line_24225826" >
        <Coords points="296,462 296,472 352,464 1126,467 1130,454 1126,399 294,404 296,462"/>
        <Baseline points="296,462 560,454 1130,454"/>
        <TextEquiv>
          <Unicode>gen / oben auß dem maul (damit man doch</Unicode>
        </TextEquiv>
      </TextLine>
      <TextLine id="eSc_line_26d77b0f" >
        <Coords points="492,457 490,457 482,465 480,465 476,465 437,459 426,459 421,459 414,465 412,467 292,467 294,512 294,522 1128,515 1130,505 1126,460 507,455 492,457"/>
        <Baseline points="294,512 1130,505"/>
        <TextEquiv>
          <Unicode>augenſcheinlich / daß es nie in dem magen ge</Unicode>
        </TextEquiv>
      </TextLine>
      <TextLine id="eSc_line_364a1f16" >
        <Coords points="988,507 986,507 953,515 952,515 945,515 850,509 848,509 847,509 832,517 828,519 292,519 294,569 294,585 514,587 515,587 517,587 522,585 537,579 549,585 555,587 557,587 559,587 560,587 567,585 584,577 670,584 695,585 697,585 699,585 700,585 702,584 718,575 920,582 930,582 932,582 933,582 935,582 945,574 985,582 988,582 990,582 991,582 993,582 1020,572 1128,580 1131,559 1128,515 990,507 988,507"/>
        <Baseline points="294,569 1131,559"/>
        <TextEquiv>
          <Unicode>weſen / ſehe) herauß gezogen hab. Denn es</Unicode>
        </TextEquiv>
      </TextLine>
      <TextLine id="eSc_line_b04e29d9" >
        <Coords points="294,625 294,639 1133,629 1133,615 1130,574 1035,564 1033,564 1031,564 1015,572 996,564 995,564 993,564 991,564 970,574 968,574 867,565 865,565 863,565 862,565 848,575 847,575 823,567 822,567 820,567 770,575 762,569 762,567 760,567 758,567 757,567 755,567 753,567 743,574 735,567 733,567 732,567 730,567 728,567 692,577 687,577 674,577 579,569 577,569 575,569 574,569 564,577 562,579 539,577 436,570 434,570 432,570 431,570 419,579 417,580 416,579 407,572 406,572 404,572 402,572 292,579 294,625"/>
        <Baseline points="294,625 1133,615"/>
        <TextEquiv>
          <Unicode>erzellt mir der Vatter / wie ſie voꝛmalen gar</Unicode>
        </TextEquiv>
      </TextLine>
      <TextLine id="eSc_line_d1541f41" >
        <Coords points="294,680 294,695 1130,683 1131,668 1126,620 885,630 827,627 770,624 768,624 767,624 750,629 738,632 712,630 650,624 649,624 647,624 632,632 627,634 607,632 532,625 530,625 476,635 474,635 472,635 424,627 422,627 421,627 384,637 314,629 312,629 311,629 292,637 294,680"/>
        <Baseline points="294,680 1131,668"/>
        <TextEquiv>
          <Unicode>offt / ſouiel ſeltzammer durch einandern ge⸗</Unicode>
        </TextEquiv>
      </TextLine>
      <TextLine id="eSc_line_f2e3a9be" >
        <Coords points="292,735 292,745 406,753 407,753 614,743 640,743 649,743 709,752 710,752 712,752 728,743 732,742 738,743 762,750 763,750 765,750 1131,740 1131,728 1126,675 1086,683 842,680 745,678 743,678 291,688 292,735"/>
        <Baseline points="292,735 1131,728"/>
        <TextEquiv>
          <Unicode>mengter materi außgeworffen hette / gab</Unicode>
        </TextEquiv>
      </TextLine>
      <TextLine id="eSc_line_3889f1f1" >
        <Coords points="292,792 294,808 317,800 431,807 456,807 457,807 459,807 466,805 492,798 660,802 768,803 770,803 793,798 813,795 868,797 955,802 956,802 958,802 976,795 983,793 1123,793 1125,783 1120,735 622,743 592,743 457,737 456,737 291,747 292,792"/>
        <Baseline points="292,792 1125,783"/>
        <TextEquiv>
          <Unicode>auch deſſe gůͤte warzeichen vnd anzeigung /</Unicode>
        </TextEquiv>
      </TextLine>
      <TextLine id="eSc_line_3e9ce3cb" >
        <Coords points="292,845 292,853 500,863 502,863 614,855 650,853 657,855 670,862 672,862 674,862 723,857 748,853 785,857 852,862 853,862 855,862 870,857 885,852 1133,857 1135,840 1131,797 291,797 292,845"/>
        <Baseline points="292,845 1135,840"/>
        <TextEquiv>
          <Unicode>als nemlich ſchwartz grob tůch / in welchem</Unicode>
        </TextEquiv>
      </TextLine>
      <TextLine id="eSc_line_436f3c74" >
        <Coords points="294,903 294,911 500,920 502,920 562,911 582,910 672,910 675,911 682,918 684,918 685,918 687,918 737,911 763,908 778,911 798,916 800,916 802,916 920,915 922,915 923,915 927,911 933,906 1130,910 1133,896 1130,853 937,845 935,845 933,845 932,845 918,853 917,853 902,853 732,847 730,847 728,847 712,853 709,857 292,857 294,903"/>
        <Baseline points="294,903 1133,896"/>
        <TextEquiv>
          <Unicode>etliche nadlen vnnd gufen ſtackendt / vnnd</Unicode>
        </TextEquiv>
      </TextLine>
      <TextLine id="eSc_line_74a94baf" >
        <Coords points="294,960 294,978 362,968 424,976 426,976 427,976 447,968 466,976 467,976 469,976 472,976 654,968 680,975 682,975 684,975 687,975 752,965 817,973 818,973 820,973 822,973 897,965 971,971 973,971 975,971 991,963 1130,970 1133,953 1126,900 1095,908 945,903 892,901 890,901 888,901 887,901 885,905 877,910 815,905 757,901 755,901 728,906 710,911 699,908 685,903 684,903 682,903 629,910 604,911 585,910 519,903 517,903 515,903 489,911 484,913 462,913 349,905 347,905 292,915 294,960"/>
        <Baseline points="294,960 1133,953"/>
        <TextEquiv>
          <Unicode>mit einem faden zůſammen gebunden / an⸗</Unicode>
        </TextEquiv>
      </TextLine>
      <TextLine id="eSc_line_a4031363" >
        <Coords points="296,1015 296,1026 1131,1026 1133,1006 1130,966 1061,956 1060,956 1058,956 1056,956 1041,965 797,958 795,958 793,958 770,966 767,968 763,966 740,960 738,960 737,960 735,960 733,960 725,966 723,970 294,970 296,1015"/>
        <Baseline points="296,1015 1133,1006"/>
        <TextEquiv>
          <Unicode>einandern hiengen / deßgleichen vonn alten</Unicode>
        </TextEquiv>
      </TextLine>
      <TextLine id="eSc_line_8a6e7623" >
        <Coords points="294,1073 294,1080 411,1088 412,1088 414,1088 437,1080 442,1080 710,1085 712,1085 1133,1071 1133,1063 1130,1021 1081,1010 1080,1010 940,1021 868,1011 867,1011 865,1011 842,1023 720,1013 718,1013 717,1013 715,1013 715,1015 704,1025 679,1015 677,1015 675,1015 674,1015 652,1023 642,1015 640,1015 639,1015 637,1015 570,1026 530,1016 529,1016 527,1016 525,1016 524,1016 524,1018 514,1028 411,1028 342,1018 341,1018 339,1018 292,1030 294,1073"/>
        <Baseline points="294,1073 1133,1063"/>
        <TextEquiv>
          <Unicode>eyſenen neglen etliche ſtuͤck. Aber das blaͤtz⸗</Unicode>
        </TextEquiv>
      </TextLine>
      <TextLine id="eSc_line_a56ab9c6" >
        <Coords points="985,1066 983,1066 973,1066 835,1076 825,1068 822,1068 805,1068 788,1068 772,1068 755,1068 743,1068 735,1070 702,1078 629,1071 595,1070 594,1070 592,1070 590,1070 587,1073 582,1078 567,1073 562,1071 555,1071 539,1071 534,1071 529,1073 514,1078 499,1075 485,1071 472,1071 457,1071 447,1075 436,1080 326,1080 324,1076 319,1073 306,1073 304,1068 289,1075 291,1124 291,1141 682,1141 682,1139 684,1139 702,1134 715,1131 818,1133 1105,1138 1106,1138 1108,1138 1126,1128 1126,1121 1121,1065 1028,1076 986,1066 985,1066"/>
        <Baseline points="291,1124 1126,1121"/>
        <TextEquiv>
          <Unicode>lein grobs / ſchwartzes thuͤchs / welches ich /</Unicode>
        </TextEquiv>
      </TextLine>
      <TextLine id="eSc_line_a2f515cb" >
        <Coords points="294,1181 294,1196 1126,1194 1128,1178 1125,1124 1043,1124 1041,1124 1040,1124 1038,1124 1038,1126 1030,1133 858,1126 777,1124 775,1124 773,1124 762,1128 745,1133 727,1128 710,1124 709,1124 707,1124 705,1124 704,1124 699,1129 694,1134 292,1134 294,1181"/>
        <Baseline points="294,1181 1128,1178"/>
        <TextEquiv>
          <Unicode>wie vorgemelt / ſelbs geſehen hab / was bloß</Unicode>
        </TextEquiv>
      </TextLine>
      <TextLine id="eSc_line_4e556abf" >
        <Coords points="294,1238 294,1253 1130,1243 1131,1233 1128,1189 975,1181 973,1181 971,1181 970,1181 956,1189 955,1191 785,1191 762,1183 760,1183 758,1183 718,1191 619,1183 617,1183 570,1193 569,1193 567,1193 489,1184 487,1184 356,1193 329,1184 327,1184 326,1184 324,1184 292,1194 294,1238"/>
        <Baseline points="294,1238 1131,1233"/>
        <TextEquiv>
          <Unicode>ein wenig vonn der ſpeuweten genetzt / ſo es</Unicode>
        </TextEquiv>
      </TextLine>
      <TextLine id="eSc_line_a5dff4ae" >
        <Coords points="294,1294 294,1311 1130,1296 1131,1286 1128,1244 304,1243 302,1243 301,1243 299,1243 292,1248 294,1294"/>
        <Baseline points="294,1294 1131,1286"/>
        <TextEquiv>
          <Unicode>doch nach dem ymbiß mal vmb die dritte</Unicode>
        </TextEquiv>
      </TextLine>
      <TextLine id="eSc_line_4160f586" >
        <Coords points="292,1351 292,1359 1133,1359 1133,1346 1128,1293 850,1303 840,1298 833,1294 832,1294 830,1294 767,1299 709,1303 682,1301 629,1294 627,1294 625,1294 600,1301 597,1303 594,1303 572,1294 570,1294 569,1294 567,1294 532,1303 524,1304 495,1304 311,1296 309,1296 307,1296 306,1296 291,1303 292,1351"/>
        <Baseline points="292,1351 1133,1346"/>
        <TextEquiv>
          <Unicode>ſtund war / zů welcher zeit (wenn es anderſt</Unicode>
        </TextEquiv>
      </TextLine>
      <TextLine id="eSc_line_3c363222" >
        <Coords points="1083,1347 937,1356 910,1357 905,1356 880,1347 878,1347 877,1347 875,1347 843,1356 830,1359 793,1356 720,1349 718,1349 717,1349 702,1356 692,1361 674,1356 662,1352 660,1352 659,1352 634,1356 600,1361 590,1356 580,1351 579,1351 577,1351 575,1351 555,1356 529,1362 517,1356 512,1352 510,1352 509,1352 507,1352 484,1356 444,1361 292,1356 294,1407 294,1417 545,1416 547,1416 569,1424 570,1424 572,1424 574,1424 609,1416 615,1414 625,1416 679,1422 680,1422 682,1422 684,1422 684,1421 692,1414 707,1414 848,1421 850,1421 1130,1409 1130,1397 1126,1357 1085,1347 1083,1347"/>
        <Baseline points="294,1407 1130,1397"/>
        <TextEquiv>
          <Unicode>der Ventriculus von ſich gegeben) eintwe⸗</Unicode>
        </TextEquiv>
      </TextLine>
      <TextLine id="eSc_line_39177685" >
        <Coords points="294,1462 294,1476 1126,1469 1128,1459 1125,1416 1075,1406 1073,1406 1018,1414 1013,1414 1005,1414 903,1406 902,1406 900,1406 898,1406 888,1412 885,1416 798,1416 797,1412 790,1407 790,1406 788,1406 787,1406 785,1406 783,1406 782,1406 773,1412 768,1414 712,1412 619,1407 617,1407 615,1407 614,1407 609,1411 599,1416 292,1409 294,1462"/>
        <Baseline points="294,1462 1128,1459"/>
        <TextEquiv>
          <Unicode>ders mit rauwer ſpeiß / oder mit dem Chy⸗</Unicode>
        </TextEquiv>
      </TextLine>
      <TextLine id="eSc_line_8f6b8932" >
        <Coords points="1008,1461 996,1461 986,1471 985,1471 981,1471 913,1462 912,1462 910,1462 877,1471 837,1461 825,1461 823,1461 812,1471 554,1462 542,1462 525,1462 509,1462 492,1462 490,1462 422,1472 352,1462 342,1462 331,1462 292,1474 294,1517 294,1532 1128,1527 1130,1514 1126,1471 1025,1471 1010,1461 1008,1461"/>
        <Baseline points="294,1517 1130,1514"/>
        <TextEquiv>
          <Unicode>lo hette muͤſt befleckt ſein. Damit aber der</Unicode>
        </TextEquiv>
      </TextLine>
      <TextLine id="eSc_line_9c80cb59" >
        <Coords points="1018,1516 1005,1517 963,1526 953,1519 952,1517 950,1517 948,1517 947,1517 945,1517 940,1519 915,1529 835,1529 825,1521 820,1517 818,1517 817,1517 815,1517 813,1517 803,1522 792,1527 763,1522 750,1521 748,1521 735,1522 709,1529 694,1524 679,1519 677,1519 594,1519 592,1519 590,1519 589,1519 579,1526 574,1529 554,1527 502,1521 500,1521 499,1521 497,1521 497,1522 490,1529 487,1531 466,1529 391,1521 389,1521 387,1521 362,1531 354,1522 354,1521 352,1521 351,1521 314,1521 312,1521 311,1521 309,1521 294,1529 296,1577 296,1587 1126,1587 1128,1570 1123,1516 1076,1526 1030,1517 1020,1516 1018,1516"/>
        <Baseline points="296,1577 1128,1570"/>
        <TextEquiv>
          <Unicode>Sathan einen falſchen wohn / dardurch wir</Unicode>
        </TextEquiv>
      </TextLine>
      <TextLine id="eSc_line_19025fb5" >
        <Coords points="923,1572 908,1572 878,1582 873,1584 867,1582 842,1574 840,1574 827,1574 817,1582 815,1584 813,1582 797,1574 795,1574 793,1574 792,1574 790,1574 790,1575 783,1580 770,1574 757,1574 755,1574 714,1584 700,1585 687,1584 657,1577 655,1577 625,1584 614,1585 605,1584 582,1575 574,1575 565,1575 524,1584 520,1584 509,1575 507,1575 500,1575 500,1577 492,1584 489,1587 482,1584 466,1577 457,1577 451,1577 422,1584 409,1587 402,1584 387,1577 374,1577 364,1577 291,1584 292,1634 292,1672 382,1667 384,1667 429,1650 525,1667 527,1667 594,1659 607,1667 610,1670 612,1670 614,1670 615,1672 664,1672 664,1670 665,1670 675,1665 715,1647 785,1647 817,1664 823,1667 825,1667 827,1667 828,1667 837,1664 872,1647 920,1662 922,1662 923,1662 925,1662 927,1662 930,1662 968,1650 1030,1657 1031,1657 1033,1657 1066,1645 1136,1657 1138,1627 1135,1582 1056,1574 1055,1574 953,1582 945,1582 928,1572 923,1572"/>
        <Baseline points="292,1634 1138,1627"/>
        <TextEquiv>
          <Unicode>ſolches in dem magen geweſen ſein zuglat⸗</Unicode>
        </TextEquiv>
      </TextLine>
      <TextLine id="eSc_line_7345a4a9" >
        <Coords points="1120,1642 1088,1629 1086,1629 1085,1629 1083,1629 1051,1639 1051,1687 1051,1712 1125,1717 1126,1687 1126,1680 1120,1642"/>
        <Baseline points="1051,1687 1126,1687"/>
        <TextEquiv>
          <Unicode>ben</Unicode>
        </TextEquiv>
      </TextLine>
    </TextRegion>
  </Page>
</PcGts>
