1181 1998
73 126 867 211 boͤſen Geiſter / Das llll. Buch. 3o3
34 183 861 263 Chriſti vnd ſeines gewalts wegen / erzittern /
31 241 864 326 vnd die flucht nemē můͤſſen / ob ſie wol gleich
29 296 872 374 die arbeitſeligen beſeſſenen menſchen / als ob
33 354 872 431 ſie ewig bey einem zůwonen / vorhabens / ein⸗
33 409 872 491 genommen hatten. Ja in diſem vnd durch di
33 471 871 547 ſen naien haben auch die gleubigen Juͤnger
31 521 871 602 des Herren / die boͤſen Geiſter geſteubet vnd
31 577 869 656 außgetrieben. Der theuwer vnd außerwe⸗
29 637 864 715 let werckzeug vnſers lieben Herren Chriſti /
31 687 869 769 der Apoſtel Paulus hatt in Macedonia einē
36 747 869 825 Pythoniſchen Geiſt / von einem Teuffelſůͤ⸗
33 799 871 872 chtigen Magdlein / mit dieſen worten verja⸗
34 855 871 932 get: Ich gebeut dir / vnd das in dem namen
34 914 871 992 Jeſu Chriſti / daß du von dieſem Jungfrew⸗
29 972 872 1045 lein außfareſt / welches alſo baldt gleich derſel
29 1030 867 1102 ben ſtund beſchehen iſt. Gleicher geſtalt ſind
29 1078 866 1160 auch von dem heiligē Petro die Teuffel auß
31 1143 867 1217 zůfaren bezwungen wordē / ob ſie gleich / wie
29 1193 867 1272 denn ſolches Clemens bezeuget / nicht mehꝛ
31 1253 867 1320 denn das jnen nur noch ein einigē tag / in den
31 1303 869 1385 beſeſſenen platz vnd herberg zůgelaſſen wur⸗
31 1365 869 1431 de / begerten. Man liſet auch vnter anderem
31 1420 871 1493 bey Hieronymo preßbytero in dem lebē Hila
31 1473 871 1546 rionis des einſidlers in Paleſtina / etwann
31 1528 871 1598 von einem Candidato des Keiſers Conſtan⸗
34 1583 869 1671 tij / ſo auß Franckenland her erborē / welchen
556 1648 706 1728 Ce if
784 1653 869 1741 ein
