1179 1997
76 106 885 183 boͤſen Geiſter / Das lIll. Buch. 407
43 161 880 244 precht geſchrey erhůben / vnnd ſprachen: D
44 216 882 299 Cynops du / ja du biſt groß / vnd ohn dich nie
41 272 885 356 mants. Aber was thet hiezwiſchen der theu
41 331 884 406 were Gottes mann Johannes? er bathe den
43 386 884 465 Herren Gott / vñ das von grund ſeines gan⸗
41 441 884 520 tzen hertzens / daß der ſchandlich Zeuberer vn
41 504 880 579 ter den Lebendigen zů ewigen zeiten nimnmer
41 550 882 634 mehr gezaͤlet wꝛrrde. Darauff iſt den aller
46 605 880 697 Nechſten ein erſchrockenlich ſcheutzlich ſau⸗
44 662 882 750 ſen vnd braſtlen des Meeres gehoͤrt / auch ho
44 720 885 805 he wellen / eben an dem ort da er ſich herein
44 775 880 863 gelaſſen hatt / geſehen / er aber nimmermehr
43 832 882 908 vonn keinem Menſchen geſehen worden.
48 885 884 973 Vnnd vber ſolliches wurden auch ermeldte
41 941 884 1030 drey boͤſen Geiſter / ſo kurtzuerruckter tagen
41 1003 885 1083 vnter ettlicher bekannter Menſchen geſtalt
41 1056 885 1134 aufferſtanden / von dem theuwren Apoſtel
46 1114 887 1199 Gottes / mit dieſen worten beſchworen: In
44 1169 887 1253 dem Nammen Iheſu Chriſti des geereu⸗
43 1223 887 1311 tzigeten / machend euch auß dieſer Inſel / laſ⸗
44 1281 887 1367 ſend euch auch nimmermehr darinn gefun⸗
44 1339 889 1417 den werden. Alſo ſind ſie wol baldt in einem
44 1392 887 1481 augenblick vor mennigklichen ſo auff Cyno
48 1449 887 1536 pem vmb ſonſt warteten / augen verſchwi⸗
43 1502 892 1585 nen. Daher deñ augenſcheinlich iſt / wieuiel
46 1565 887 1662 den wahrgleubigen jres Meiſters nammen
739 1617 890 1690 genuͤtzt
441 1624 624 1705 Ce iiij
