1186 1997
294 119 987 191 40sVon verblendung der
296 171 1137 251 genuͤtzt vnd geholffen hat. Das kan mir ein
294 226 1141 309 rechte beſchwerung ſein / ein hefftiger kreffti⸗
299 282 1139 357 ger Exorciſmus / ein gewiſſe gattung die
298 339 1139 412 Teuffel inn die flucht zůtreiben / dieſes ſind
298 397 1139 474 auch eben die rechtgeſchaffenen Character /
296 450 1142 532 durch welche Gottes allmechtigkeit / die din⸗
299 509 1144 582 ge / ſo den allgemeinen lauff der natur vber⸗
299 567 1141 637 windet / zůͤuerbringen / außgeruͤffet wirdt /
296 624 1144 697 das iſt die rechte Lehr / das ſtatt / ſteiff vñ wol⸗
296 677 1146 752 gegruͤndet fundament:ja das iſt der lapis phi
298 733 1144 805 loſophieus / den aber weit ůͤbertreffen / von
296 787 1139 868 welchem die Alchimiſten wol viel rhuͤmen /
296 845 1144 916 aber noch nie keiner / der in erfundē / oder ge⸗
294 900 1141 973 zeigt hab / gefunden worden iſt. Ja das iſt der
293 953 1144 1036 rechte Eckſtein / in welchem vnnd durch wel⸗
294 1013 1146 1095 chen das gantze gebeuw zůſammen gefůͤget
294 1066 1141 1144 wirdt. Dieſes ſind von Gott dem Herren
296 1121 1144 1203 ſelbs angegebner zeugnuſſen vnſerer Reli⸗
296 1179 1144 1263 gion antiquiteten / des wahrē Prieſters Me⸗
294 1241 1144 1318 moralia / reine vnbefleckte zeichen vnd vnſe⸗
293 1294 1141 1372 re rechtgeſchaffene / den Teufſel zůuerjagen
296 1356 1139 1429 ceremonien / welche wenig vmbſtend machē /
296 1404 1139 1484 leicht vnd ring beide zů zuriſten vnd auch zů
296 1461 1136 1536 brauchen. Dieſe kunſt / ja dieſe / vnnd auff
299 1519 1141 1592 Gottes erdtreich kein andere / iſt hoͤher dann
298 1572 1137 1667 der Himmel/ tieffer denn die Hell / ſicher vor
1029 1642 1137 1719 allen
