1192 1997
114 106 890 179 boͤſen Geiſter / Das lIl. Buch. 23
48 156 889 232 ben / verurſacht wuͤrde / erweckte / hat das
49 209 889 297 Maͤgdtlein ſo bald ich jm es auß dem mund
51 272 889 352 gezogen / mit gantz vnnatuͤrlicher Kindtli⸗
48 327 894 404 cher ſtimm / die ohn zweiffel vom Teuffel
51 381 887 464 ſelbs geformiert / geſpꝛochen: Pfeu / dz dich
49 437 895 519 botz darm ſchend / wie iſt das ſo ein grauſam
49 492 892 577 bitter. Denn es bezeuget auch der heilige
53 549 894 632 Lehꝛer Auguſtinns / dz der Teuffel des men⸗
53 602 894 688 ſchen zungen brauche / deſſen leib er beſeſſen
56 665 894 740 hab. Es hat aber der boͤſe peniger der Teuf⸗
56 717 897 798 fel / kurtz vor vnnd obſich dieſes zůgetra⸗
56 772 898 862 gen / gar ein grauſam / jemerlich Spectackel
56 832 897 911 welches auch zimlich lang gewert / mit der
54 890 898 961 armen Tochter fuͤrgenom̃en / denn wir ge⸗
58 940 902 1026 ſehen / wie er jhren das maul ſo gar / daß ſie
58 1000 903 1075 nicht ein woͤrtlein mehr reden kondt / ver⸗
59 1056 903 1138 ſchloß die hend grewlich zerſtieß / die augen
59 1111 900 1199 ſcheutzlich verkert / vnnd in ſumma den gan⸗
59 1163 903 1253 tzen leib erſchrockenlich peiniget. Es be⸗
59 1226 900 1306 richteten mich jhr Vatter vnnd ſein gefehꝛt /
66 1279 907 1366 jhren moͤchten weder mund noch haͤnd / es
63 1332 907 1417 were denn ſach / daß man ſie mit dem zeichē
64 1389 910 1474 des heiligen creutzes verſegnet / wider auff⸗
69 1447 908 1534 gethon werden. Von mir aber / auff meinē /
68 1502 912 1585 wiewol nicht gantz vollkommen glauben /
69 1560 920 1657 vñ vertrauwen zů Gott dem allmechtigen /
822 1610 920 1719 ſind
586 1619 709 1697 b iiij
