1182 1997
302 146 391 184 a12
517 119 1042 184 Von verblendund der
301 173 1145 241 brauch / die veruntrewten zůheilen / vnnd die
304 231 1143 296 boͤſen Geiſter außzůtreiben / durch einen je⸗
299 289 1140 361 den vngeſchickten / vnd offtermals zweifach
299 341 1143 407 blindē ſchlingel / iſt mir fuͤrwar nit zůwiſſen.
299 404 1138 470 Denn jhe ſolche brillenreiſſer die boͤſen Gei⸗
301 455 1145 520 ſter hindan zůucrjagen / nichts anders denn
301 512 1145 580 zum theil einen gumpeſt vngereimpter cere⸗
299 574 1150 634 monien / zů dem theil aber grauſame / ja Got
301 627 1145 688 tesleſterliche exorciſmos vnd beſchwerungen
297 678 1143 753 brauchen. Vber das ſchreien ſie wie ein Zan
297 737 1145 802 brecher / machen ein langes vnnd breites ge⸗
297 792 1143 860 ſchwetz / ziehen an etliche Euangelia / welche
299 848 1143 913 ſich zuͤ dieſem handel / gleich wie eins Igels⸗
296 905 1142 973 haut zů einem ſchweißtuͤchlein reimet / brum
294 960 1145 1030 len auch ein mal etliche die artickel des Glau
294 1013 1143 1088 bens / das Vatter vnſer / den Eugliſchenn
299 1071 1143 1144 grůß / vnd weiß nicht was mehr. Was wol⸗
296 1128 1142 1203 ten aber dieſe ding alleſammen den Sathan
297 1183 1143 1253 zůuertreiben / fuͤr ein krafft haben? Wo ſieht
296 1239 1142 1316 doch in der gantzen Geſchrifft oder anderß⸗
294 1294 1142 1369 wo ein eintzigs mandat od gebott / daß man
296 1356 1137 1427 ſolche mittel gebrauchen ſolle / geſchrieben?
296 1409 1138 1472 wo iſt auch jrgend ein Exempel / das weder
296 1464 1142 1539 der Herr Chriſtus ſelbs / noch ſeine Apoſtel
297 1524 1140 1590 vnnd Juͤnger auch der erſten vnbefleckten
296 1579 1142 1665 Kirchendiener vnnd Vorſtender ſolche mit⸗
1075 1637 1142 1714 tel
