1182 1997
54 113 865 176 boͤſen Geiſter / Das llll. Buch. 413
14 166 864 236 tel gebraucht haben / vorhanden? Angezoge⸗
16 226 864 294 ner worten / ſinn / gemuͤt vnd verſtandt / die⸗
16 277 865 351 net eben nichts zů dieſem handel: Chriſtus
19 334 865 409 der Herr aber / vnnd alle die in ſeine heiligen
26 394 862 467 fůßſtapffen nachfolgender zeit getrettē ſind /
21 445 862 515 die haben ſich ſolcher worten / die zů diſer ſach
23 502 865 572 dienlich / gebrauchet. Daß aber das offter⸗
23 565 867 625 melt brumlen vnnd murmelen etlicher auß
28 620 867 687 Gottes wort herauß gezwackter worten / zů
28 670 870 743 dieſer ſach nichts dienſtbar ſein / mag ein je⸗
28 730 870 798 der leichtlichj / er ſeie denn blinder denn ein
33 780 874 850 Schermauß erſůchen. Aber was darff es
29 837 874 906 doch viel wort? Ich will die tauſentmal ver
33 890 875 966 zweifleten Schelmen ſelbs darumb ſprechen
31 955 877 1020 laſſen / ob ſie nicht hundertmal / tauſentmal⸗
36 1006 875 1083 faltiges Sacrilegium vnd Gottes ehr dieb⸗
38 1061 880 1141 ſtal begangen / vnd derhalb / ſo drey Galgen
36 1118 884 1196 auff einander geſetzet / den aller oberſten ver⸗
36 1176 884 1246 dienet haben / welche denn vorgemelte ſtuͤck
38 1236 884 1301 nicht allein mit vnuerſchampten ſtirnē brau
39 1284 884 1359 chen:ſonder auch / das deñ ein blůtige ſchand
41 1351 888 1412 iſt / dem vnuernuͤnfftigen viech vnd andern
41 1399 888 1471 dingen / ſo gar on ſeel vnd leben ſind / ſtracks
43 1457 897 1524 wider / der newhaar worden / ſenden / Catho⸗
43 1511 892 1582 liſchen allgemeinen Chriſtenlichen Kirchen
43 1569 892 1664 meinung / zů verbeſſerunggebrauchen. Deß
724 1625 890 1702 gleichen
