1173 1996
291 113 991 186 aia Von verblendung der
297 167 1129 242 gleichen zů verflůchten beſchwerungen vnd
297 231 1131 301 verſegnungen / den hohen vnd theuwren na⸗
296 286 1128 347 men Gottes anziehen / ja mißbrauchen: ja /
296 335 1134 409 das doch / ich weiß nicht ob ſchier mehr ſpoͤtt⸗
292 390 1134 464 lich vnd leſterlich / denn erſchroͤcklich / das zei
294 447 1134 520 chen des heiligen Creutzes / ſampt dem Vat⸗
294 510 1134 578 ter vnſer / vnd Engliſchem grůß / ein mal et⸗
292 558 1136 632 liche / einer alten Kůh zů gutem murmlen vñ
294 620 1134 686 prumlen / nit anderſt denn wie die Nonnen
294 673 1131 748 den Pſalter betten. Daß aber ſolche vmb⸗
294 735 1133 803 ſchweiffende Eſeltreiber wider das ander ge⸗
292 785 1128 864 bott der heiligen Zehen gebott / ſchwerlich
294 841 1133 909 ſich vergreiffen ( auff daß ich nicht etwas
292 899 1129 969 ſchwerers jhnen zůſchreibe) daruon werden /
291 951 1131 1024 ohn allen zweiffel andere leut / ſo hoͤhers ver⸗
291 1014 1131 1079 ſtandts weder aber ich gnugſame kůdſchafft
292 1064 1124 1139 ſagen. Aber was ſollē wir mehr von der ſach
292 1119 1133 1189 ſagen? Wenn offtermelte Teuffelsgaugler
289 1177 1131 1252 einen hagel od ſonſt ander vngewitter abbrin
289 1232 1128 1309 gen wolten / brauchen ſie darzů fuͤr das erft dz
287 1292 1131 1360 zeichen des heiligen Creutzes / vnter dē ſchein
287 1347 1129 1422 vnd namen der heiligen Dreyfaltigkeit an⸗
287 1405 1129 1477 geruͤffet: als denn drey hagelſtein / ſo in das
287 1463 1128 1523 feuwer geworffen / ſampt dem Vatter vnſer
286 1513 1126 1588 vnd Engliſchem grůß / ein mal etliche wider
291 1568 1128 1663 rt/ das Euangelium Johannis am erſte
968 1631 1126 1714 hetſchet
