1182 1997
43 108 857 183 boͤſen Geiſter. Das lIIl. Bůch. gis
18 171 857 242 hetſchet auch mit: Inn dem anfang war das
16 224 852 296 wort / etc. Bald auff ſolches erfolget dz man /
16 284 857 349 die vngeſtuͤme des luffts abzůleinen / das zei⸗
19 339 855 402 chen des heiligen Creutzes vornen / hinden /
18 394 859 460 ja an allen orten / auff die erden verzeichnet.
24 450 854 517 Vnd zůletſt / nach dem der exorciſt / das iſt /
19 505 860 580 der Teuffelsbetteluogt / der jhn durch apo⸗
23 560 864 635 ſteutzlerey außzůtreiben vermeinet / zů dem
19 620 864 692 dritten mal diſe wort widereffert hat:dz woꝛt
21 673 865 747 iſt fleiſch worden. ſich auch gleichergeſtalt ge
23 732 865 807 gen der erden gebogen / vnd daran gehenckt:
261 790 586 858 Per Buangelia dicka
261 848 595 915 rugiat tempeſtas iſta.
361 898 551 966 Das iſt:
121 951 744 1026 Durch die Euangelia erſterzelt
128 1010 737 1076 Werd all diß vngewitter gſtelt.
88 1066 870 1133 Wo nun ſolche ding gebraucht / wirdt on
24 1126 872 1188 allen zweiffel das vngeheuwer wetter / wenn
24 1178 865 1248 es anderſt Mutter Adelheit gemachet / nach
24 1234 869 1299 laſſen. Vnnd daß denen dingen alſo vnnd
24 1288 870 1362 nichts anderſt ſey / dieweil vnd ſie durch teg⸗
26 1346 874 1422 liche erfahrnuß an dem tage / wie der Bawr
28 1401 877 1471 an der Sonnen / ligen: bezeugen mit einhel⸗
28 1456 880 1526 liger ſtim vnſere feinē holdſeligen Theologi
33 1514 879 1582 (ſind ſie anderſt des namēs wuͤrdig) ſo Mal⸗
29 1575 877 1652 leum maleficarů geſchmidt habē. Welchen
670 1627 872 1712 es furwar
