1185 1997
301 128 392 173 415
427 113 1013 174 —Von verblendung der
297 164 1143 231 es fuͤrwar jres bedunckens nicht anderſt / deñ
301 221 1140 286 wie dem Krebs bey dem Aeſopo ergehet / der
299 282 1140 351 deñ ſeinen Son hieſſe fuͤr ſich gehn / ſo doch
301 342 1146 401 er ſelber wie ein lamer Schumacher hinder⸗
302 389 1146 460 ſich ruͤtſchet. Sie woͤllen jmmerſt andere
301 447 1148 510 leut deren ding halb abnemmen / vnd auff ei⸗
299 509 1145 567 nenbeſſern weg weiſen / ſo ſich doch befindet /
302 565 1148 624 daß ſie hiemit ſolchen falſchen wohn / als ein
304 622 1148 680 ein boͤß ſchaͤdlich vnkraut inn der Menſchen
304 673 1146 738 hertzen ſeien. Derhalben ſie des Satyriſchē /
304 725 1148 800 das iſt / heiß zůreden den Poeten ſcheldtred
304 790 1150 862 nicht entweichen / welcher denn ſein Pocti⸗
304 840 830 911 ſthe adern alſo lauffen leßt:
354 895 1048 960 Dum ſtulti uitant uttia, in contraria currunt.
634 941 823 1018 Das iſt:
359 993 1010 1075 Ein Narr der dlaſter fliehen will /
359 1056 1083 1124 Der ſtraucht vnd fellt ins widerſpiel.
362 1113 1150 1186 Denn wieuiel faͤhlet es doch / vmb Got⸗
302 1169 1145 1238 tes willen ſolchē loſen Teuffelsbeſchwerern /
302 1224 1145 1299 daß ſie nicht gantz vnnd gar den Zauberern
302 1286 1146 1356 vnd Schwartzkuͤnſtlern moͤchten verglichē
301 1342 1146 1409 werden? Aber jedoch ſo brauchen vnd vben
301 1392 1148 1466 ſie ſolches jhr zauberwerck nicht allein an rin
302 1457 1138 1524 gen vnd nochguͤltigen dingen: ſonders auch
297 1506 1145 1579 an den geſegneten Creaturen Gottes / ja an
299 1569 1145 1650 den theuren myſterijs / gcheimnuſſen vñ cin⸗
947 1627 1141 1697 ſatzungen
