1165 1997
66 99 877 189 boͤſen Geiſter / Das llll. Bůch. 47
28 159 877 252 ſatzungen deß Herꝛen Chriſti. Doch ſo ſind
28 219 873 306 ſolliche ding vngereumpter / dañ das ſie weit
23 276 875 364 leuffiges widerfechtens bedoͤꝛffen. Es wirt
23 334 873 417 auch in dieſem handel / wiewol ſie anderſt
21 386 872 469 daruon lehren / wider das ander gebott der
24 442 868 525 heiligen Zehen geboͤtten / nicht leichtlich / ver
24 502 870 584 fehlet. Were aber ſach / das jemandsauß er⸗⸗
21 559 872 642 melten grillenkremern mir entgegen werf⸗
23 612 868 703 fen wurde / wie das man aber in der warheit
19 668 867 755 vnnd mit der that erfuͤhre / das durch den
19 727 860 808 nammen Gottes vñ ſeines Sohns Chriſti /
19 778 867 865 wunderbarliche ding verricht werden / wo⸗
18 835 868 923 lan der ſolle aber hergegen auch die Wort
19 895 870 971 deß mundts aller Warheit hoͤreñ vnnd ver⸗
16 948 870 1033 niemmen / wellicher dann Matthei am ſieben
16 1003 867 1086 den alſo redt: Es werden jhren viel andem
18 1063 867 1151 tag zu mir ſprechen / Herr / Herr / haben win
14 1114 863 1201 dani nicht in deinem nammen Proͤpheti⸗
16 1176 860 1261 ert / teuffel außgetrieben / vnnd viel krafft er⸗
14 1231 860 1319 wieſen? Als dann wirt ich jhnen bekennen:
19 1286 862 1374 Ich habe euch noͤch nie erkennet / Weichen
14 1344 863 1432 von mir hinweg / alle die jhr vbels thuet. Die
14 1401 863 1481 weil nuhn dem alſo iſt / wirdt erfolgen das
14 1454 867 1536 durch das beſchweren / ſo von dem Gottlo⸗
18 1512 865 1595 ſen beſchicht / der Teuffel nicht mit gewalt
14 1570 867 1670 außtrieben wirt / ſonders / damit vnnd der
605 1639 665 1727 D
780 1647 865 1727 vn⸗
