1179 1997
294 139 384 191 is
466 119 994 189 Von verblendung der
293 174 1135 249 vnglaub geſterckt / vnnd vngleubig leute in
293 222 1137 306 dieffere jrꝛthumb verſencket werden / frey wil
294 279 1134 359 liglichen weichet. Derhalben auch D. Tho⸗
294 337 1134 419 mas wol vnd recht an der ſach iſt / da er dann
296 391 1129 477 von der macht Gottes / in der ſechſten Frag
294 449 1137 530 im io. artickel / in auffoͤſung deß drittē argu
291 504 1139 585 ments alſo ſchreibt: Iſt es ſach das Salo⸗
289 560 1134 639 mon die boͤſen Geiſter beſchworen hat zu der
291 617 1135 695 zeit da er noch im ſtandt vnnd waͤſen ſeines
289 672 1134 752 heils geſtanden iſt / ſo mag ſemn das auß Goͤt
288 727 1135 813 licher krafft / etwas macht vnnd gewalt die
289 785 1135 872 boͤſen geiſter außzutreiben / abgegangen ſeye:
291 840 1135 928 Hatt ers aber zu der zeit geuͤbet / da er auß an
288 898 1137 981 laß ſcines weiberfals / die Heiden goͤtzen ange
288 953 1132 1038 bettet (darauß dann einem jedē rechtuerſten
286 1006 1134 1093 digen / das er ſolchs durch das zauberwerck
283 1066 1134 1151 vermoͤgen hab / abzunemmen iſt:) So eruol⸗
288 1119 1132 1204 get vnd ſchleuſt ſich krefftiglich / das hinder
286 1178 1132 1259 ſeinen Exorciſmis / die boͤſen Geiſter zuſteu⸗
284 1233 1127 1321 ben vnd verjagen / kein rechtmaͤßige krafft ge
288 1303 482 1376 ftecket iſt.
366 1349 1129 1414 Volget wie man ſich / wann das vnner⸗
281 1394 1122 1464 nůnfftige vihe / etwas / ſo den allgemeinē lauff
281 1441 1125 1511 der natur vberhoͤhet: oder auch etwas giffts
283 1487 1129 1565 werck vnd Venediſcher kůſůplein erlitten / hal
281 1544 452 1620 ten ſolle.
492 1575 915 1660 Das XX Al. Capitel.
1032 1627 1104 1709 St
