1179 1996
291 109 376 166 412
507 101 1035 166 Von verblendung der
288 156 1137 232 welliches Recipe / wie ſie beredt ſind / wider
291 207 1135 284 alles zeuberwerck ſoll gut ſein. Es gehoͤrt
294 276 1135 340 gleicher weiß in dieſen zedel / die widerbrin⸗
296 326 1140 402 gung der Kuͤhmilch / welche dann zugeht
291 377 1139 459 durch etwas gattung deß verſegnens ſo ein
289 437 1137 507 dienſtmagt D. Theodor Lopers ſtatthalter
291 492 1142 565 im ſpital zu Kreuelden / mit nammen Chri⸗
291 545 1142 620 ſtina / in gemeinem brauch hat. Welche als
291 602 1140 681 jhre drey Kůͤh derer gedingete Vehmagt ſie
293 668 1142 735 war / zu hauß kamen / vnd aber nicht wie an⸗
294 715 1147 790 dere mal / volle auter mit ſich brachten / hatte
288 770 1142 851 ſie zu jnen geſprochen / Nun geht hin inn tau
288 828 1139 901 ſendt / hundert Teuffel nammen / vnnd ſu⸗
288 888 1137 961 chen doch euwer Milch / ſo jhr dahindē gelaſ
286 938 1139 1016 ſen / widerumb. Darauff dann eruolget das
286 994 1142 1074 ſie hingiengen / vnnd vor dem hauß eines ar⸗
286 1049 1140 1131 beitſeligen Weibleins / ſo deß Hexenwercks
286 1111 1140 1187 verdacht / mit viel luͤens ſtille ſtunden / dar⸗
286 1161 1140 1239 nach wider zu hauß kamen / vnd wie vor na⸗
286 1220 1144 1299 chen viel milch gaben. Wir leſen bey Vege⸗
281 1272 1140 1347 tio im erſten bůch vonn dem Viehwerck am
283 1327 1140 1410 20. Capitel / ein ſehr nutzlichs Suffimentum
283 1383 1139 1462 oder bereuchung / die kranckheiten deß Vie⸗
286 1443 1144 1523 hes abzuleinenn / welcher ob er gleich / vonn
284 1498 1142 1580 anderem letz beredet / auch ſchreibt wie das
293 1556 1142 1653 ſolchs die Thier verſtgne / deß verzeubereng
1045 1633 1134 1708 vud
