1167 1997
61 99 869 176 boͤſen Geiſter / Das lllI. Bůch. 423
26 153 865 227 vnnd verblendens enthebe / die boͤſen Geiſter
28 211 869 296 ſteube / vnnd den Hagel abſchaffe: ſo hencket
23 266 860 339 er doch daran / das es von natuͤrlicher vrſach
23 321 869 402 nemlich ſeines geruchs halben / nicht allein
26 376 867 462 deß Viehs / ſonder auch deß menſchen kranck
26 437 865 519 heiten widerſtande. Nun gemelt Recept lau⸗
23 502 186 569 tet alſo:
73 552 869 632 Recipe lulphuris uiui lb. ij. bituminis lu
26 609 867 680 daici lib.i.opopanacis, achanti, galbani, caſ-
26 662 867 732 torei. irios crudi an. unc. ſex. lalis Ammonia
26 712 867 782 ci unc.ij. ſalis Cappadoces, cornu ceruini, la
28 755 872 835 pidis Gagatis maſculi, lapidis Gagatis feemi
23 803 869 878 næ, an. unc.iij. lapidis hꝛmatis, lapidis hderi
26 855 870 923 tis, lapidis ageritis an. unc. i. equuleas, id elt
23 908 864 978 Caballiones marinos, caudas marinas, ung-
26 965 870 1030 ues marinos, an. numero ſeptem, uuꝛ mari-
26 1001 872 1078 na unc.iij. medullæ ceruinæ, cedrei, picis li-
28 1055 869 1129 quide an. pondera iij. ofla ſepiæ numero ſex
28 1109 800 1181 tem, auri ſemiunciam, ballucx ſiliquam.
86 1173 870 1244 Diſe ſtuͤck ſollē alle durcheinandern ver
26 1229 864 1298 miſchlet vñ angezuͤndet werdē / wo aber ſach /
26 1283 870 1352 das du ermelte edlen geſtein nit bekomien / oo
28 1339 875 1409 von dē verkeufferē vmb ein rechten / zimlichē
31 1397 875 1476 pfenning erkauffen koͤnteſt / ſo magſtu dich
28 1452 878 1521 wol d vbrigen ermeltē ſtuͤcken benůgē laſſen.
31 1506 880 1585 Hiezwiſchen aber / bedarff es ſich auch / das
754 1562 877 1645 man
524 1562 739 1642 Dd iij
