1167 1997
53 106 862 174 boͤſen Geiſter / Das llll. Bůch. 423
24 159 864 231 ich abſchaffet. Dann wenn die vrſach da⸗
31 218 864 292 her em ding / es ſeye ja was es woͤlle ſein vr⸗
54 272 864 352 rung hat / dahin iſt / ſo iſt es auch vmb das
28 329 862 409 ſeldig ding beſchehen, Es gabe jhme aber
23 382 862 464 ſolcher geſchwinder betrug zimlichen ſpeck
21 441 862 519 in die růben. Wiewol er hieneben vonn
16 505 862 575 etlichen guten Leuten treuwlich gewarnet
16 560 862 625 ward / wolte er anderſt nicht ſeines billichen
16 610 860 687 wol verdienten lohns vnnd ſtraff gewertig
18 665 864 740 ſein / das er bey zeiten daruon abſtuͤnde. Nun
14 722 862 798 dem allem ſey gleich wie jhm woͤlle / ſo were
18 780 860 850 doch aber das mein beſter rhat /das man ſich
14 837 860 905 gemeinlich wider alles Gifft / vnnd ange⸗
14 890 860 965 bottenen Holdertrencklein / der rechtgeſchaf⸗
19 945 864 1025 fen gelehrten vñ wol erfahrnen artzeten rhat
14 1003 865 1073 vnnd huͤlff gebrauchte / wellicher ampt dann
14 1060 860 1128 auff dem ruckenn tragen wuͤrde / das ſie fůͤr
14 1114 864 1186 das aller erſt ein ſcharpffſinniges fleiſiges
16 1171 864 1243 nachbetrachten anlegen / auch ſolliches zu
23 1224 867 1306 fuͤrgeſtecktem zweck außzufuͤren / auff anzei⸗
16 1284 864 1354 gung der Perſonen / ſo den ſchaden erlitten /
23 1341 867 1417 Item / andere vmbſtendt / vnnd ſymptoma
18 1396 870 1464 ta oder mitlauffende / vberzwerch einfal⸗
18 1451 870 1529 lende gepreſten ein ernſtlichs auffſehen ha⸗
19 1509 864 1579 ben. Vnnd im fall das ſie nicht eben gleich
21 1564 869 1652 deß angebottenen Gifft eſſentz / weſen vnnd
735 1629 869 1714 natiit
637 1625 692 1690 v
