<?xml version="1.0" encoding="UTF-8"  standalone="yes"?>
<PcGts xmlns="http://schema.primaresearch.org/PAGE/gts/pagecontent/2019-07-15" xmlns:xsi="http://www.w3.org/2001/XMLSchema-instance" xsi:schemaLocation="http://schema.primaresearch.org/PAGE/gts/pagecontent/2019-07-15 http://schema.primaresearch.org/PAGE/gts/pagecontent/2019-07-15/pagecontent.xsd">
  <Metadata externalRef="https://content.staatsbibliothek-berlin.de/dc/813172837-0446/full/full/0/default.jpg">
	<Creator>escriptorium</Creator>
	<Created>2023-03-06T11:57:55.458943+00:00</Created>
        <LastChange>2023-03-06T11:57:55.458960+00:00</LastChange>

  </Metadata>
  <Page imageFilename="445_8f926_default.jpg" imageWidth="1181" imageHeight="1997">

    
    <TextRegion id="eSc_textblock_1df08c9a"  >
      <Coords points="299,106 431,133 504,106 1014,113 1062,159 1147,179 1121,1689 982,1689 954,1642 874,1635 273,1629 299,106"/>
      
      
      <TextLine id="eSc_line_92eb3234" >
        <Coords points="384,123 368,119 351,116 334,113 333,113 331,113 301,121 301,161 301,176 396,173 396,161 396,124 384,123"/>
        <Baseline points="301,161 396,161"/>
        <TextEquiv>
          <Unicode>426</Unicode>
        </TextEquiv>
      </TextLine>

      
      
      <TextLine id="eSc_line_dfacb12d" >
        <Coords points="1016,118 984,111 981,111 964,111 947,111 934,111 927,118 912,111 897,111 881,109 876,109 861,119 857,121 854,119 834,109 831,109 814,109 797,109 796,109 782,116 774,109 764,109 747,108 731,108 714,108 697,108 687,118 667,108 666,108 664,108 579,114 563,106 548,106 531,106 514,106 498,106 493,108 479,119 478,121 458,121 448,124 433,131 433,163 431,169 1022,169 1024,164 1022,123 1016,118"/>
        <Baseline points="433,163 1024,164"/>
        <TextEquiv>
          <Unicode>Von verblendung der</Unicode>
        </TextEquiv>
      </TextLine>

      
      
      <TextLine id="eSc_line_10811d83" >
        <Coords points="1132,176 1126,173 299,166 299,214 298,227 792,227 799,229 822,236 824,236 826,236 911,229 919,229 924,229 972,237 974,237 1139,229 1141,222 1141,178 1132,176"/>
        <Baseline points="299,214 1141,222"/>
        <TextEquiv>
          <Unicode>natur in dem grund ergreiffen: So ſie aber</Unicode>
        </TextEquiv>
      </TextLine>

      
      
      <TextLine id="eSc_line_44788496" >
        <Coords points="1131,234 919,234 904,229 886,224 884,224 882,224 881,224 871,229 861,232 826,227 784,222 782,222 722,226 644,231 619,224 612,222 611,222 609,222 607,222 602,224 579,231 536,222 523,221 521,221 491,222 359,229 298,219 298,272 296,286 1141,284 1142,277 1141,266 1131,234"/>
        <Baseline points="298,272 1142,277"/>
        <TextEquiv>
          <Unicode>jedoch zu dem aller minſten / etwas daruon</Unicode>
        </TextEquiv>
      </TextLine>

      
      
      <TextLine id="eSc_line_f0d24d0e" >
        <Coords points="298,279 296,326 294,344 1137,344 1139,332 1136,281 719,286 664,277 662,277 661,277 654,277 526,284 509,276 508,276 506,276 504,276 481,276 309,282 303,277 298,279"/>
        <Baseline points="296,326 1139,332"/>
        <TextEquiv>
          <Unicode>mutmaßē / durch ein getter / wie man ſpricht</Unicode>
        </TextEquiv>
      </TextLine>

      
      
      <TextLine id="eSc_line_22303bee" >
        <Coords points="298,382 296,391 326,401 328,401 329,401 558,394 599,402 601,402 796,396 857,404 859,404 1137,396 1139,387 1137,347 984,337 982,337 922,346 914,346 912,346 894,336 892,336 891,336 814,344 792,334 791,334 789,334 631,344 612,344 611,344 597,334 596,334 594,334 592,334 546,342 524,332 523,332 469,332 468,332 466,332 464,332 453,342 393,332 391,332 298,341 298,382"/>
        <Baseline points="298,382 1139,387"/>
        <TextEquiv>
          <Unicode>erſehen / vnd von dem kleinen fingerlein ver⸗</Unicode>
        </TextEquiv>
      </TextLine>

      
      
      <TextLine id="eSc_line_3f02892d" >
        <Coords points="298,439 296,447 398,457 399,457 499,450 514,450 524,450 579,459 581,460 1141,460 1142,444 1141,392 1094,401 1007,392 1006,392 1004,392 977,401 902,392 901,392 832,399 809,391 807,391 806,391 581,399 553,389 551,389 549,389 403,397 298,387 298,439"/>
        <Baseline points="298,439 1142,444"/>
        <TextEquiv>
          <Unicode>nemmen moͤgen: Ja das ſie als dann / on al⸗</Unicode>
        </TextEquiv>
      </TextLine>

      
      
      <TextLine id="eSc_line_b7a62439" >
        <Coords points="296,494 294,500 351,512 353,512 458,505 466,512 466,514 468,514 469,514 471,514 539,505 631,515 632,515 634,515 659,507 667,514 667,515 669,515 671,515 672,515 714,507 716,507 726,515 727,515 729,515 731,515 789,509 794,515 796,515 796,517 797,517 799,517 801,517 849,509 854,509 966,509 971,510 989,519 991,519 992,519 1134,512 1136,502 1132,450 1091,459 976,450 951,449 949,449 922,450 829,457 811,450 801,447 799,447 797,447 737,450 654,455 629,450 609,447 607,447 296,450 296,494"/>
        <Baseline points="296,494 1136,502"/>
        <TextEquiv>
          <Unicode>len verzug ( dann es ſich allhie nit langes auf</Unicode>
        </TextEquiv>
      </TextLine>

      
      
      <TextLine id="eSc_line_be615531" >
        <Coords points="1131,515 1032,515 1031,514 1022,505 1021,505 1019,505 1017,505 1016,505 997,514 994,514 982,514 914,505 912,505 871,512 857,514 851,512 827,504 826,504 824,504 772,510 759,512 739,510 664,504 662,504 661,504 639,510 629,512 597,509 528,502 526,502 484,509 466,510 449,507 418,502 416,502 296,505 296,554 294,569 558,564 831,574 834,574 836,574 837,574 856,565 1134,575 1137,559 1136,549 1131,515"/>
        <Baseline points="296,554 1137,559"/>
        <TextEquiv>
          <Unicode>ſchubs gebuͤren wil) angeſehen vñ rechnung</Unicode>
        </TextEquiv>
      </TextLine>

      
      
      <TextLine id="eSc_line_95d281dd" >
        <Coords points="496,555 494,555 493,555 453,565 448,565 443,565 414,555 413,555 411,555 409,555 408,555 408,557 399,565 398,565 396,565 373,557 371,557 369,557 299,564 299,607 298,624 504,619 514,627 516,629 518,629 519,629 521,629 523,629 529,627 549,620 592,627 609,629 611,629 626,627 669,620 761,627 809,630 811,630 812,630 821,627 836,622 889,627 937,632 939,632 967,627 991,624 997,627 1004,632 1006,632 1007,632 1009,632 1011,632 1024,627 1034,624 1044,627 1056,632 1057,632 1059,632 1132,627 1134,614 1131,565 1026,570 1017,565 1014,560 1012,560 1011,560 849,559 847,559 846,559 824,565 806,569 707,565 609,560 607,560 584,565 569,567 559,565 534,557 533,557 531,557 529,557 514,565 509,567 508,565 498,557 498,555 496,555"/>
        <Baseline points="299,607 1134,614"/>
        <TextEquiv>
          <Unicode>getragen deß eingenommen Gifts ſcherpffe</Unicode>
        </TextEquiv>
      </TextLine>

      
      
      <TextLine id="eSc_line_16cea353" >
        <Coords points="1131,620 293,619 293,662 291,678 941,678 952,687 954,687 956,687 957,687 1137,677 1139,668 1137,630 1131,620"/>
        <Baseline points="293,662 1139,668"/>
        <TextEquiv>
          <Unicode>vñ ſchnellwirckender krafft / auff das aller or</Unicode>
        </TextEquiv>
      </TextLine>

      
      
      <TextLine id="eSc_line_699005f8" >
        <Coords points="291,717 289,728 333,738 334,738 621,733 734,742 736,742 907,735 926,743 927,743 929,743 1134,735 1136,723 1134,677 796,678 782,675 762,670 761,670 759,670 732,675 714,678 699,675 672,668 671,668 669,668 667,668 666,668 666,670 659,675 657,678 599,678 594,675 581,668 579,668 578,668 543,675 529,677 516,675 471,667 469,667 291,673 291,717"/>
        <Baseline points="291,717 1136,723"/>
        <TextEquiv>
          <Unicode>denlicheſt / nach außweiſſung jhrer theuren</Unicode>
        </TextEquiv>
      </TextLine>

      
      
      <TextLine id="eSc_line_45828f47" >
        <Coords points="289,775 288,783 1132,795 1136,785 1134,738 289,723 289,775"/>
        <Baseline points="289,775 1136,785"/>
        <TextEquiv>
          <Unicode>kunſt / die Alexiteria / dz iſt / Gifftwerenē / zu</Unicode>
        </TextEquiv>
      </TextLine>

      
      
      <TextLine id="eSc_line_943d42d0" >
        <Coords points="1122,795 1071,787 1069,787 1067,787 1034,795 1021,785 1019,785 1017,785 1016,785 862,793 846,785 844,785 842,785 841,785 811,793 801,783 799,783 797,783 796,783 732,793 731,793 712,782 711,782 709,782 707,782 706,782 679,792 654,782 652,782 651,782 448,790 439,783 439,782 438,782 436,782 381,782 379,782 328,790 301,780 299,780 298,780 296,780 294,780 288,785 288,832 286,838 318,848 319,848 321,850 1131,850 1132,838 1131,833 1122,795"/>
        <Baseline points="288,832 1132,838"/>
        <TextEquiv>
          <Unicode>bereitten vnd hiedurch an jnen / auff Gottes</Unicode>
        </TextEquiv>
      </TextLine>

      
      
      <TextLine id="eSc_line_407a1a2e" >
        <Coords points="288,888 286,896 569,908 571,908 1131,901 1132,893 1131,848 288,837 288,888"/>
        <Baseline points="288,888 1132,893"/>
        <TextEquiv>
          <Unicode>mitwirckung vertroͤft jr heil verſuchen. Wo</Unicode>
        </TextEquiv>
      </TextLine>

      
      
      <TextLine id="eSc_line_b9265dd8" >
        <Coords points="426,890 289,896 289,943 288,948 333,958 334,958 373,951 456,960 458,960 509,953 514,953 1126,963 1129,953 1127,905 941,896 939,896 904,901 886,905 866,901 819,895 817,895 744,901 714,903 709,901 694,893 692,893 691,893 689,893 687,893 687,895 681,900 681,901 677,900 659,893 657,893 656,893 518,900 488,900 478,898 428,890 426,890"/>
        <Baseline points="289,943 1129,953"/>
        <TextEquiv>
          <Unicode>aber ſolcher kranckheiten vrſach erkeñt moͤch</Unicode>
        </TextEquiv>
      </TextLine>

      
      
      <TextLine id="eSc_line_7df664f4" >
        <Coords points="289,996 288,1006 1129,1015 1132,1006 1131,960 289,951 289,996"/>
        <Baseline points="289,996 1132,1006"/>
        <TextEquiv>
          <Unicode>te werden / were der ſach vmb ſouiel deſier ehe</Unicode>
        </TextEquiv>
      </TextLine>

      
      
      <TextLine id="eSc_line_053bab44" >
        <Coords points="288,1055 286,1068 659,1068 662,1068 677,1076 679,1076 681,1076 749,1070 762,1068 769,1070 802,1078 804,1078 806,1078 807,1078 839,1070 847,1076 847,1078 849,1078 851,1078 961,1080 962,1080 1129,1070 1131,1063 1131,1020 1022,1010 1021,1010 972,1018 966,1018 959,1010 957,1010 957,1008 956,1008 954,1008 952,1008 904,1016 901,1016 896,1016 814,1008 812,1008 736,1015 732,1015 722,1006 721,1006 719,1006 717,1006 504,1013 469,1013 466,1013 438,1003 436,1003 434,1003 288,1010 288,1055"/>
        <Baseline points="288,1055 1131,1063"/>
        <TextEquiv>
          <Unicode>vnd mit ringerem koſten raht zuthun. Ver⸗</Unicode>
        </TextEquiv>
      </TextLine>

      
      
      <TextLine id="eSc_line_b5af3dfc" >
        <Coords points="288,1111 286,1128 1129,1133 1132,1116 1131,1073 969,1063 967,1063 897,1071 889,1071 887,1071 877,1063 876,1063 874,1063 872,1063 871,1063 869,1063 857,1071 856,1071 849,1071 802,1061 801,1061 604,1070 573,1070 566,1061 564,1061 564,1060 563,1060 561,1060 559,1060 558,1060 534,1068 448,1060 446,1060 288,1066 288,1111"/>
        <Baseline points="288,1111 1132,1116"/>
        <TextEquiv>
          <Unicode>ſtendigen leuten / wie das alt geſprochen woꝛt</Unicode>
        </TextEquiv>
      </TextLine>

      
      
      <TextLine id="eSc_line_73625d19" >
        <Coords points="284,1168 283,1183 1122,1191 1126,1174 1122,1121 284,1121 284,1168"/>
        <Baseline points="284,1168 1126,1174"/>
        <TextEquiv>
          <Unicode>lautet / iſt gut zupredigen. Es weißt die hoch</Unicode>
        </TextEquiv>
      </TextLine>

      
      
      <TextLine id="eSc_line_8b3186f4" >
        <Coords points="284,1224 283,1238 1119,1249 1122,1234 1121,1186 969,1178 967,1178 966,1178 964,1178 957,1184 952,1188 844,1188 834,1183 814,1176 812,1176 811,1176 639,1181 579,1183 571,1181 544,1173 543,1173 541,1173 539,1173 538,1173 528,1181 526,1181 519,1181 471,1173 469,1173 436,1179 429,1181 428,1179 423,1173 421,1173 421,1171 419,1171 418,1171 416,1171 284,1178 284,1224"/>
        <Baseline points="284,1224 1122,1234"/>
        <TextEquiv>
          <Unicode>ucrruͤhmbt / vñ nimmermehr genugſamlich</Unicode>
        </TextEquiv>
      </TextLine>

      
      
      <TextLine id="eSc_line_6d932986" >
        <Coords points="288,1286 288,1296 1124,1294 1124,1286 1124,1239 288,1238 288,1286"/>
        <Baseline points="288,1286 1124,1286"/>
        <TextEquiv>
          <Unicode>gelobt ſchuͤl der artzeten wol eines jeden gifts</Unicode>
        </TextEquiv>
      </TextLine>

      
      
      <TextLine id="eSc_line_9ff4bbd3" >
        <Coords points="909,1288 907,1288 906,1288 281,1289 281,1337 279,1347 1119,1354 1122,1344 1122,1299 924,1298 922,1296 911,1288 909,1288"/>
        <Baseline points="281,1337 1122,1344"/>
        <TextEquiv>
          <Unicode>natur vnd eigenſchafft / deßgleichen welches</Unicode>
        </TextEquiv>
      </TextLine>

      
      
      <TextLine id="eSc_line_2c246c41" >
        <Coords points="281,1392 279,1401 574,1412 576,1412 827,1406 839,1414 841,1414 842,1414 844,1414 1122,1406 1124,1397 1122,1352 281,1349 281,1392"/>
        <Baseline points="281,1392 1124,1397"/>
        <TextEquiv>
          <Unicode>einem menſchen zu eſſen oder zu trincken ge⸗</Unicode>
        </TextEquiv>
      </TextLine>

      
      
      <TextLine id="eSc_line_44b4f53e" >
        <Coords points="281,1451 279,1464 1117,1462 1119,1456 1117,1409 281,1404 281,1451"/>
        <Baseline points="281,1451 1119,1456"/>
        <TextEquiv>
          <Unicode>geben / oder ſonſt an jhm gebrauchet. Vber</Unicode>
        </TextEquiv>
      </TextLine>

      
      
      <TextLine id="eSc_line_5de41a73" >
        <Coords points="281,1504 279,1511 343,1521 344,1521 771,1516 841,1524 842,1524 1121,1516 1122,1509 1121,1467 281,1459 281,1504"/>
        <Baseline points="281,1504 1122,1509"/>
        <TextEquiv>
          <Unicode>das / mit was antidotis oder gifftwerinen ei⸗</Unicode>
        </TextEquiv>
      </TextLine>

      
      
      <TextLine id="eSc_line_f0224e3e" >
        <Coords points="274,1560 273,1567 1114,1584 1117,1569 1116,1526 1064,1514 1062,1514 974,1522 959,1524 947,1522 909,1516 907,1516 906,1516 884,1522 881,1522 871,1512 869,1512 867,1512 866,1512 799,1521 781,1522 771,1521 739,1511 737,1511 736,1511 734,1511 732,1511 722,1519 721,1521 714,1519 681,1511 679,1511 677,1511 606,1517 597,1511 597,1509 596,1509 594,1509 534,1509 533,1509 531,1509 529,1509 521,1517 518,1519 483,1516 403,1509 401,1509 274,1512 274,1560"/>
        <Baseline points="274,1560 1117,1569"/>
        <TextEquiv>
          <Unicode>nem jeden auff halbem weg zubegegnen ſey:</Unicode>
        </TextEquiv>
      </TextLine>

      
      
      <TextLine id="eSc_line_265a7d53" >
        <Coords points="937,1567 936,1567 934,1567 932,1567 904,1577 904,1579 751,1579 749,1577 729,1567 727,1567 726,1567 681,1577 677,1577 676,1577 622,1567 621,1567 619,1567 586,1575 566,1567 564,1567 563,1567 483,1577 476,1577 474,1577 466,1569 466,1567 464,1567 463,1567 461,1567 399,1575 328,1567 326,1567 276,1575 276,1622 276,1639 877,1652 879,1652 881,1652 924,1637 926,1637 927,1637 979,1649 981,1649 1121,1635 1121,1622 1121,1579 949,1579 949,1577 939,1569 939,1567 937,1567"/>
        <Baseline points="276,1622 1121,1622"/>
        <TextEquiv>
          <Unicode>u dem iß auff dißmal / vnd in dieſem gegen⸗</Unicode>
        </TextEquiv>
      </TextLine>

      
      
      <TextLine id="eSc_line_86f369b3" >
        <Coords points="1116,1637 1087,1629 1086,1629 1084,1629 981,1635 982,1682 982,1695 1091,1699 1092,1699 1094,1699 1119,1685 1119,1679 1117,1642 1116,1637"/>
        <Baseline points="982,1682 1119,1679"/>
        <TextEquiv>
          <Unicode>werti⸗</Unicode>
        </TextEquiv>
      </TextLine>

      
    </TextRegion>
    

    
  </Page>
</PcGts>
