1161 1997
58 113 862 186 boͤſen Geiſter / Das V. Bůch. 2
14 168 862 239 weil vnd die grundtliche warheit als in einer
18 222 861 301 gold oder ſilber gruben dieff vergraben ligt /
16 281 864 359 einem jeden jren nachzugraben / was ja jm⸗
18 337 862 406 mer die vor elteren deruon gehalten haben /
19 389 866 472 zurahten iſt. Vnd fuͤrwar / dieweil vnnd die⸗
23 447 862 527 ſer / in vorgchenden vier buͤchan weitleuffig
19 507 866 584 beſchribner / vnd mit augenſcheinlichen far⸗
19 559 867 640 ben eutivorffner ja abgemahlter teuffels ſpil
21 622 859 697 platz / gleich wie ein gantz verwirte vogelhaͤr⸗
21 675 867 747 ren vnd fiſcher / wartolff verwirret / allſo das
21 725 867 802 auch kein wolgeſchneuͤtzter / ſpitznaͤſiger The
24 783 872 862 ſeus ſich darauß entwicklen koͤndte / ſo bin
23 838 869 911 ich gentzlich dieſer meinung ſteht auch alſo
23 893 871 968 bey mir / daß ein jeder / er ſey ja wer er jmmer
21 950 872 1026 woͤlle / ſo an den pflug der warheit / diſen han
23 1005 871 1083 del betreffen / on hinderſich ſchen ſein Hand
23 1063 872 1134 legt / nicht ſcheltens / ſonder hoch lobens / nach
26 1123 872 1199 ſeiner gebuͤr / wol werth / auch alles ſo er nach
28 1183 881 1256 ſeinem beſten vermoͤgen geleiſtet /inn beſtem
26 1241 879 1306 aufzunemmen ſeye. Aber lieber meine was
26 1289 881 1362 bedarff es doch viel vmbſtend vnnd worten.
26 1346 882 1426 Solte es doch vm b Gottes willen etwas vn
24 1399 881 1479 gereimbts ſein / wen je ein Mediecus / der die⸗
29 1457 884 1536 ſer heimlicher dingen ergruͤndenden kunſt
26 1514 889 1585 ein gute zeit nachkommen vnnd obgelegen
33 1569 891 1665 (wiewol ob es zugetroffen oder gefälet / witl
817 1637 887 1702 it
