1192 1997
108 99 895 171 boͤſen Geiſter / Das lIl. Buch. 25
49 156 898 232 gemahlet / geſchnitzelt / gehauwen / gegoſſen
48 214 898 292 wirt / da nicht auff das gegen der lincken ſei⸗
49 269 895 351 ten ein Teuffelein geſetzt werde. Hiezwiſchē
49 326 892 409 aber iſt mir nicht vnwiſſende / daß die Arabi
51 384 897 464 ſchen Philoſophi fuͤrgebē / s ſeye das creutz
51 442 897 514 der him̃liſchen ding ſtercke / vnnd das aber
51 494 894 577 auß der vrſach / daß jr ſtercke vnd krafft auß
49 552 902 627 der rectitudine angulorum & reſultan⸗
51 610 900 687 tium radiorum entſtehet / vnnd als denn die
53 662 902 740 Sternen am aller meiſten wuͤrcken / wenn
51 718 900 803 ſie in des Himmels figur die vier Cardines
51 775 902 863 anhalten. Es meldet auch Ruffinus in fa⸗
53 833 900 906 cra hiſtoria / das Creutz ſeye von den Egy⸗
54 887 900 971 ptiſchen Prieſtern vnder die heiligen Bůch⸗
54 945 895 1023 ſtaben gerechnet worden / deſſe krafft die hoff
53 1005 898 1078 nung des heils bedeute / allen denen menſchē /
54 1056 902 1139 ſo in Chriſtum vnſern Heyland glauben.
54 1119 903 1188 Hieronymus vermanet Demetriadem / dz
54 1173 905 1256 er ſich offt mit dem zeichen des heiligen creu
54 1226 903 1303 tzes / an der ſtirnen verzeichne / damit der Ex⸗
56 1283 905 1361 terminator Egypti keinen platz daran finde.
61 1347 905 1422 Vnd an Euſtochium von der hůt der Jung
59 1396 903 1477 frawſchafft / zů einer jeden that / ſpricht er /
59 1452 910 1534 vnnd einem jeden fůßtritt / ſol die hand ein
59 1507 912 1587 Creutz verzeichnen. Tertullianus ſchreibt
64 1567 913 1659 gleicher weiß: Wann wir nicht mehr denn
765 1619 912 1709 fuͤrbaß
544 1640 645 1700 bv
