1174 1997
288 126 990 203 434 Von verblendung der
293 174 1130 262 wegen gleiches willens vnnd fleiſſes mit den
291 232 1132 314 boͤfen Geiſtern auffgericht haben / nach dem
293 286 1132 372 vnd ſie ein apoſteutzleriſche / vnd vnterwei⸗
288 347 1134 432 len gottloſe coniuration vñ beſchwerung er⸗
293 401 1132 490 zelt vñ geſprochen / oder etliche heimliche vn⸗
291 460 1130 544 gereimpte wort leiß gemurmelt haben / eines
291 510 1130 604 jeden dings / ſo man zůſehen begert / bildtnuß
291 569 1130 660 oder geſpenſt / welches denn on verblendung
291 625 1134 708 der augen nicht abgeht / inn einem glaß oder
286 680 1137 775 ſpiegel / lufft oder anderm dergleichē zeichen.
289 737 1135 833 Darmit ſie aber nichts das inn der warheit
289 800 1132 882 etwas ſey / ſonder allein ſcheinende Bilder
289 853 1134 938 zůwegen bringen / wie denn alle Zaubrer des
289 905 1132 996 Tyrannen Pharaonis / ſo diſer kautzē zunfft
289 963 1134 1050 brůͤder geweßt / nichts anders vor jhm dem
289 1025 1134 1103 Koͤnig / denn einen lautern ſchein verblenden
288 1076 1135 1159 ter dingen haben auffbringen moͤgen. Nun
288 1133 1134 1223 ſolche Zauberer weren / dieweil vnd ſie ande⸗
286 1193 1132 1273 ren leuten nicht ſo ſchaͤdlich / zhuermanen /
288 1244 1135 1326 vnd zů bezwingen / daß ſie dem Sathan ab⸗
286 1301 1135 1391 ſagten / bůß theten / vnd offtermelter kuͤnſten
288 1356 1132 1449 ſich entzugen: Welcher weiß man ſich denn
286 1416 1135 1499 auch billich gebrauchen ſolte inn einer jeden
286 1482 1134 1557 wolgeordneten ſtatt vnd regiment / an denen
284 1531 1130 1612 Landfarenden Gauglern / damit vnd nicht /
283 1585 1134 1689 ſo ſie ſich ſicher befinden / das thorecht ge⸗
1014 1640 1132 1717 mein
