1172 1997
86 139 880 218 boͤſen Geiſter / Das V. Buch. 437
24 199 879 276 mein poͤffel voͤlcklein / ſo ſollich narrenwerck
26 256 877 334 zůſehen begierig / ſo liederlich vmb das gels
24 314 877 391 kom me / ſonder es in beſſern nutz verwende.
28 376 877 445 Welche aber durch grauſame verflůchun⸗
26 426 877 495 gen / beſchwerungen / Gebett / Gottsleſterlis⸗
23 490 879 559 chem mißbrauch des theuwꝛen namen Got⸗
23 539 875 617 tes / ſtracks wider das ander gebott / auch gro
23 594 879 672 be barbariſche wort / ſo den Heuptmannn
23 649 879 728 dieſes handels verrhaten: etwas wercks den
23 705 877 778 allgemeinen lauff der natur vbertreffen / wi⸗
23 762 877 838 der Gottes heiliges worts ordnunge zůwe⸗
24 817 875 896 gen zůbringen in ernſtlichen oder ſchimpffli⸗
23 873 875 950 chen ſachen / vnterſtehn / die ſollen / als die fuͤr
23 933 877 1008 witzigen kuͤnſten zů jhrem eigenen verderben
23 988 877 1058 obligen vnd nachkommen / nach dem vnd ſie
21 1043 877 1121 vorhin durch geſunde lehr / beſſers vnterꝛich⸗
23 1100 874 1176 tet / mit ſtrenger diſciplin zum ziel gebracht /
23 1154 875 1234 vnd daß ſie abſtehen bezwungen werden: Im
23 1213 875 1281 fall / daß einer oder der ander halßſtarrig er⸗
23 1269 874 1336 funden wuͤrde / ſo will ich einer jeden hoch⸗
23 1326 874 1402 verſtendigen Oberkeit jhne nach billigkeit
21 1384 874 1461 vnnd gelegenheit zůſtraffen heimgeſetzt ha⸗
21 1437 875 1509 ben / damit vnnd ſie ſich nit etwan wider das
24 1496 875 1570 Geſatz von Moyſe vber die Gottsleſterer ge
24 1560 879 1625 geben / vergreiffe. Es begibt ſich auch offter⸗
21 1612 875 1692 mals daß die Zaubrer geiſtliche per ſonē ſind
422 1674 492 1740 Ee
697 1675 877 1740 (in aller
536 1669 567 1744 i
