1174 1997
286 133 977 194 a36Von verblendung der
291 183 1127 251 (in aller Schweinen nammen )als nemlich
289 239 1132 307 Moͤnchen vnd Pfaffen / welche etwas heim⸗
289 297 1132 362 licher kuͤnſt erdencken / vnd wie ſie das verun
291 357 1134 424 treuwen beide vrtheilen / vnd auch jnen bege⸗
294 409 1135 484 genen koͤnnen / nennen doͤrffen. Derhalben
293 467 1137 540 ſo etwan einer mit einer ſchweren langwiri⸗
296 519 1137 602 gen kranckheit / die weder fuͤrſich noch hin⸗
294 577 1140 655 derſich will / vnd dem gemeinen poͤffel vnbe⸗
294 644 1139 700 kannt / beladen iſt / auch beredt / wie die erſtge⸗
294 692 1137 757 meldten beſchornen bůben der kunſt / welcher
298 745 1139 825 ſie ſich rhuͤmen / gewiß ſeiē / derhalb ſie rhats
298 803 1140 882 fraget / ſo bereden ſie den gůten einfeltigen
298 862 1142 926 Menſchen er ſey veruntreuwet oder verhe⸗
298 918 1142 990 xet woꝛden / ſo es aber nichts anders denn ein
296 973 1142 1041 kranckheit auß einer natuͤrlichen vrſach ent⸗
299 1028 1144 1103 ſtanden / vnnd den gelehrten Artzten wolbe⸗
299 1086 1142 1158 kannt iſi. Laſſens aber bey dieſem groben
299 1148 1135 1213 luͤgen nicht erwinden / ſonders hencken noch
301 1201 1140 1264 ein gꝛoͤſſern daran / in dem / daß ſie etwan ein
299 1254 1142 1321 arbeitſeliges alts vnſchuͤldiges Weib / als ob
299 1313 1142 1377 es ein vrſach / verdacht machen. Dieſe nun
299 1367 1145 1437 ſůnden grob vnd ſchwerlich / vñ das in zwen
301 1422 1144 1496 weg / das ſie je fuͤrs ein die kranckheit erdich⸗
299 1481 1147 1544 ten fůrs ander aber einer vnſchuͤldigen Per⸗
301 1537 1144 1610 ſon ein ſolche ſchandmaſen / die jren der gantz
301 1595 1147 1680 Deeamus nimiermehr abweſcht / einbrennen.
1025 1650 1147 1734 Der⸗
