1174 1997
298 93 999 163 44s Von verblendung der
301 149 1144 229 ſchreite / wil ich eines jeden orth Richtern /
298 206 1142 282 Rehten / Amptleuten vnd Doerkeiten heim
299 262 1134 342 geſetzt haben / das ſie je nach dem vnd die ſach
298 317 1142 401 ſchwer oder leicht / die ſtraff erkenne / miltere
298 374 586 437 oder ſcherpffe.
359 427 1137 510 Nun vnder dieſe Zauberer moͤgen auch
294 487 1140 565 billich vnnd mit guten fugen gezellet wer⸗
294 544 1137 622 den / alle die ſo wider deß Heiligen Gottes
293 604 1135 672 worts Maieſtet vnd rechtem brauch / zu ver
291 654 1140 737 achtung der aller Heiligſten vnd nuͤtzlichſten
291 717 1140 785 kunſt der Mediein / wieder alie kranckheit
291 773 1139 848 der menſchen vnnd deß viehs / allein verſeg⸗
289 823 1135 905 nungen auß worten der Schrifft geſtellt /
288 877 1132 960 vnd das Weihwaſſer brauchen : Oder aber
289 938 1132 1016 Exoreiſmnos / das iſt / beſchwerungen / hinder
288 991 1140 1073 denen aber kein krafft ſteckt / oder vngereim⸗
288 1046 1135 1123 te vngeſchickte wort / ſo aber etwan mit ci⸗
286 1106 1130 1184 nem heiligen nammen oder worten auß der
288 1159 1137 1241 Heiligen Schrifft herauß gezwackt / damit
288 1219 1137 1299 man den betrug / wie Auguſtinus redt / deſt
288 1269 1134 1352 minder mercke / angeſtrichen: oder auch H.
289 1329 1137 1412 oder ſonſt ſcheutzlich lautende wort ohn al⸗
284 1382 1135 1466 len verſtand leſen / ſchreiben / an Halß hen⸗
284 1439 1132 1526 cken / oder ſonſt etwan anhefften. Das dieſe
283 1497 1134 1580 im aberglauben eben tieff ſtecken des kann
283 1552 1130 1667 andt abſein / derhalben ſind ſie gleicher
1059 1637 1125 1714 gi.
