<?xml version="1.0" encoding="UTF-8"  standalone="yes"?>
<PcGts xmlns="http://schema.primaresearch.org/PAGE/gts/pagecontent/2019-07-15" xmlns:xsi="http://www.w3.org/2001/XMLSchema-instance" xsi:schemaLocation="http://schema.primaresearch.org/PAGE/gts/pagecontent/2019-07-15 http://schema.primaresearch.org/PAGE/gts/pagecontent/2019-07-15/pagecontent.xsd">
  <Metadata externalRef="https://content.staatsbibliothek-berlin.de/dc/813172837-0460/full/full/0/default.jpg">
	<Creator>escriptorium</Creator>
	<Created>2023-03-06T11:57:55.805192+00:00</Created>
        <LastChange>2023-03-06T11:57:55.805209+00:00</LastChange>

  </Metadata>
  <Page imageFilename="459_a1bd3_default.jpg" imageWidth="1174" imageHeight="1997">

    
    <TextRegion id="eSc_textblock_8c02c3e6"  >
      <Coords points="471,113 974,119 1029,173 1134,186 1127,1635 1100,1715 1029,1715 987,1655 266,1642 279,146 293,119 449,133 471,113"/>
      
      
      <TextLine id="eSc_line_4aa7d997" >
        <Coords points="987,134 982,129 922,118 920,118 904,118 887,118 870,118 857,118 820,126 802,116 787,116 771,116 762,116 752,119 744,116 737,116 721,116 704,114 687,114 671,114 654,114 637,114 621,114 604,114 587,113 577,113 576,113 574,113 561,123 559,123 539,113 537,113 521,113 504,113 487,113 471,113 454,126 437,131 421,129 404,128 388,126 371,126 354,124 338,123 321,121 304,119 288,126 288,158 286,168 915,183 917,183 989,174 990,169 989,136 987,134"/>
        <Baseline points="288,158 990,169"/>
        <TextEquiv>
          <Unicode>440Von verblendund der</Unicode>
        </TextEquiv>
      </TextLine>

      
      
      <TextLine id="eSc_line_3abd189f" >
        <Coords points="1119,184 1102,181 1099,179 706,178 691,169 684,166 682,166 681,166 652,168 587,174 577,166 576,164 574,164 572,164 571,164 532,164 406,169 389,161 388,161 386,161 384,161 378,161 321,168 288,159 286,219 284,229 291,234 293,234 294,234 296,234 402,227 452,236 454,236 501,229 506,229 1119,244 1122,231 1122,184 1119,184"/>
        <Baseline points="286,219 1122,231"/>
        <TextEquiv>
          <Unicode>ſchiß vnd betrůg reich werden / vnnd jre ſach</Unicode>
        </TextEquiv>
      </TextLine>

      
      
      <TextLine id="eSc_line_6647996f" >
        <Coords points="284,272 283,281 900,297 902,297 979,291 1002,299 1004,299 1005,299 1124,291 1125,284 1125,241 284,229 284,272"/>
        <Baseline points="284,272 1125,284"/>
        <TextEquiv>
          <Unicode>ntachen / ob ſie gleich vnderweilen durchs</Unicode>
        </TextEquiv>
      </TextLine>

      
      
      <TextLine id="eSc_line_413269fb" >
        <Coords points="654,279 652,279 651,279 649,279 636,289 634,289 612,279 611,279 609,279 607,279 589,287 584,289 572,287 522,277 521,277 519,277 517,277 507,286 506,287 494,286 449,276 447,276 402,282 383,286 373,282 353,274 351,274 349,274 281,279 281,329 281,336 356,336 361,337 374,346 376,346 378,346 379,346 442,339 466,337 486,341 524,347 526,347 527,347 529,347 529,346 534,342 537,339 1120,357 1124,344 1124,299 1097,289 1095,289 1094,289 1092,289 1090,289 1079,297 932,287 930,287 860,294 854,294 852,294 832,282 830,282 829,282 759,291 747,292 682,292 679,289 656,279 654,279"/>
        <Baseline points="281,329 1124,344"/>
        <TextEquiv>
          <Unicode>Teuffels mitwuͤrckung nichts oder wenig</Unicode>
        </TextEquiv>
      </TextLine>

      
      
      <TextLine id="eSc_line_a2cd2a16" >
        <Coords points="1065,344 1049,344 1045,344 1034,349 1027,342 1015,342 1007,342 959,349 947,349 937,347 900,341 899,341 882,341 875,341 830,346 812,347 809,346 800,339 799,339 797,339 795,339 709,344 686,344 682,342 674,337 666,337 659,336 622,342 599,344 566,341 507,334 499,334 484,334 462,339 449,341 283,336 283,386 281,401 286,404 288,404 289,404 291,404 361,396 369,396 371,396 384,407 386,407 388,407 389,407 476,397 489,397 504,399 599,411 601,411 602,411 627,402 727,411 729,411 731,411 764,402 766,402 767,402 782,412 784,412 785,412 787,412 869,406 917,416 919,416 920,416 957,406 967,414 967,416 969,416 970,416 1022,417 1024,417 1025,417 1050,407 1125,407 1129,399 1129,352 1065,344 1065,344"/>
        <Baseline points="283,386 1129,399"/>
        <TextEquiv>
          <Unicode>zůwegen bringen koͤnnen: jedoch ſich rhuͤmē</Unicode>
        </TextEquiv>
      </TextLine>

      
      
      <TextLine id="eSc_line_f1b0bfc4" >
        <Coords points="281,439 279,447 1124,465 1127,455 1127,412 281,394 281,439"/>
        <Baseline points="281,439 1127,455"/>
        <TextEquiv>
          <Unicode>von wegen des wahrſagens / oder durch be⸗</Unicode>
        </TextEquiv>
      </TextLine>

      
      
      <TextLine id="eSc_line_84065be2" >
        <Coords points="922,452 920,452 907,457 892,462 716,462 687,452 674,449 672,449 624,449 622,449 621,449 619,449 617,452 607,459 559,450 556,450 554,450 549,450 444,457 397,447 388,445 278,445 278,502 276,512 452,512 459,515 471,520 472,520 474,520 544,517 597,514 604,517 611,522 612,522 614,522 616,522 646,519 681,514 691,519 697,524 699,524 701,524 702,524 757,520 820,517 839,522 850,525 852,525 854,525 895,524 974,519 1027,525 1040,527 1042,527 1044,527 1047,527 1072,519 1122,527 1125,512 1124,462 985,464 954,457 924,452 922,452"/>
        <Baseline points="278,502 1125,512"/>
        <TextEquiv>
          <Unicode>ſchwerungen / verflůchungen / geluͤbden / das</Unicode>
        </TextEquiv>
      </TextLine>

      
      
      <TextLine id="eSc_line_b6684bd4" >
        <Coords points="945,510 929,510 912,510 899,510 895,514 889,519 752,519 742,512 732,509 729,509 712,509 711,507 684,512 656,515 627,512 597,507 596,507 579,507 562,507 551,505 506,510 484,512 479,510 472,505 462,505 446,505 429,505 422,504 391,509 378,510 368,509 344,504 329,504 313,504 299,504 279,507 279,554 278,564 969,582 970,582 972,582 1002,575 1040,584 1042,584 1124,575 1125,569 1124,517 950,510 945,510"/>
        <Baseline points="279,554 1125,569"/>
        <TextEquiv>
          <Unicode>ſie verheiſſen / zůwegen bringen: So ſind ſie</Unicode>
        </TextEquiv>
      </TextLine>

      
      
      <TextLine id="eSc_line_dd82d2aa" >
        <Coords points="792,564 790,564 726,572 641,562 639,562 569,572 561,572 554,570 512,560 511,560 509,560 416,569 404,559 402,559 401,559 399,559 278,567 278,614 276,629 1119,639 1122,624 1120,579 954,577 954,575 934,567 932,567 930,567 854,575 842,575 835,574 794,564 792,564"/>
        <Baseline points="278,614 1122,624"/>
        <TextEquiv>
          <Unicode>zů beiden ſeiten auff die Luͤge / ja den vatter</Unicode>
        </TextEquiv>
      </TextLine>

      
      
      <TextLine id="eSc_line_c04a6012" >
        <Coords points="844,622 842,622 840,622 644,629 621,629 611,629 541,617 527,617 522,617 499,625 499,627 451,627 447,625 434,617 427,617 411,615 396,615 278,620 278,664 276,677 407,677 417,680 431,685 432,685 434,685 436,685 437,685 437,683 442,680 446,677 474,680 531,688 532,688 614,683 639,682 652,683 699,692 701,692 790,685 809,685 820,687 874,695 875,695 917,688 925,687 934,688 972,697 974,697 1120,690 1122,680 1122,637 1094,627 1092,627 1090,627 977,635 970,635 969,635 955,624 954,624 952,624 950,624 949,624 924,634 862,634 857,634 845,622 844,622"/>
        <Baseline points="278,664 1122,680"/>
        <TextEquiv>
          <Unicode>aller luůgen gefundiert ( welcher denn gar ein</Unicode>
        </TextEquiv>
      </TextLine>

      
      
      <TextLine id="eSc_line_a0de0ea1" >
        <Coords points="278,725 276,738 887,742 905,743 1017,753 1019,753 1122,745 1124,738 1122,692 1019,680 1017,680 927,688 912,688 825,688 824,687 804,677 802,677 800,677 746,685 739,685 732,685 657,675 656,675 616,683 611,683 609,683 589,673 587,673 586,673 541,682 537,682 526,682 383,670 381,670 278,677 278,725"/>
        <Baseline points="278,725 1124,738"/>
        <TextEquiv>
          <Unicode>gewiſſer zeug iſt) dieweil ſie eines diebſtals</Unicode>
        </TextEquiv>
      </TextLine>

      
      
      <TextLine id="eSc_line_7b42f7f7" >
        <Coords points="276,778 274,788 283,795 284,795 286,795 288,795 442,790 782,805 784,805 1120,802 1122,795 1122,750 276,733 276,778"/>
        <Baseline points="276,778 1122,795"/>
        <TextEquiv>
          <Unicode>oder andern laſters zeihen die jenign / welche</Unicode>
        </TextEquiv>
      </TextLine>

      
      
      <TextLine id="eSc_line_b86125e7" >
        <Coords points="969,793 915,800 895,802 890,798 875,792 874,792 872,792 842,798 830,800 827,797 819,790 817,790 815,790 814,790 767,795 742,798 736,795 727,788 726,788 724,788 722,788 649,792 586,795 549,788 524,785 522,785 491,787 437,792 429,785 426,782 424,782 422,782 421,782 396,785 353,790 274,782 274,832 273,842 291,850 293,850 294,850 504,847 752,860 754,860 812,853 890,863 892,863 1122,858 1124,850 1124,807 970,793 969,793"/>
        <Baseline points="274,832 1124,850"/>
        <TextEquiv>
          <Unicode>wie ſie des orts vnſchůldig / alſo ſind ſie von</Unicode>
        </TextEquiv>
      </TextLine>

      
      
      <TextLine id="eSc_line_f5622a2d" >
        <Coords points="274,891 273,906 1115,918 1119,906 1117,857 932,860 864,850 849,848 847,848 830,848 744,857 694,847 687,845 686,845 684,845 681,845 649,855 441,840 432,840 431,840 427,840 344,848 274,837 274,891"/>
        <Baseline points="274,891 1119,906"/>
        <TextEquiv>
          <Unicode>jugendt auff eines gůten namens geweſen /</Unicode>
        </TextEquiv>
      </TextLine>

      
      
      <TextLine id="eSc_line_dc8fb7b3" >
        <Coords points="785,901 774,901 757,901 274,901 274,945 273,953 358,965 359,965 434,958 441,958 442,958 461,966 462,966 464,966 494,960 497,960 1120,975 1124,961 1122,918 1044,918 1044,916 1037,908 1035,908 1035,906 1034,906 1032,906 1030,906 837,911 820,911 817,911 787,901 785,901"/>
        <Baseline points="274,945 1124,961"/>
        <TextEquiv>
          <Unicode>auch mit mennigklichen ſich wol vnd fried⸗</Unicode>
        </TextEquiv>
      </TextLine>

      
      
      <TextLine id="eSc_line_935e786e" >
        <Coords points="1059,961 1022,968 1014,970 1012,968 1004,961 1004,960 1002,960 1000,960 999,960 997,960 979,966 974,968 819,968 787,961 746,956 744,956 711,960 671,965 651,958 637,955 636,955 634,955 569,956 436,961 422,953 421,953 419,953 417,953 414,953 339,958 271,950 271,1005 269,1011 308,1021 309,1021 376,1015 389,1023 391,1023 392,1023 394,1023 489,1016 492,1016 494,1016 519,1025 521,1025 522,1025 592,1018 597,1018 602,1018 657,1026 659,1028 1120,1028 1122,1016 1120,971 1060,961 1059,961"/>
        <Baseline points="271,1005 1122,1016"/>
        <TextEquiv>
          <Unicode>ſam betragen. Wie bald jhnen aber ſolches</Unicode>
        </TextEquiv>
      </TextLine>

      
      
      <TextLine id="eSc_line_810da672" >
        <Coords points="461,1008 459,1008 457,1008 392,1016 366,1006 364,1006 363,1006 281,1016 273,1036 271,1061 269,1073 541,1073 552,1078 562,1081 564,1081 566,1081 639,1078 696,1076 716,1080 751,1085 752,1085 794,1080 809,1078 822,1080 857,1086 859,1086 904,1080 914,1080 922,1081 960,1088 962,1088 1000,1081 1004,1081 1007,1081 1060,1090 1062,1090 1119,1081 1120,1076 1120,1030 1052,1020 1050,1020 1049,1020 1030,1028 1025,1030 1019,1028 997,1020 995,1020 994,1020 945,1026 932,1028 917,1026 859,1016 857,1016 817,1025 815,1025 795,1015 794,1015 792,1015 727,1023 716,1013 714,1013 712,1013 711,1013 662,1023 659,1023 657,1023 634,1011 632,1011 631,1011 629,1011 587,1021 586,1021 579,1021 487,1013 486,1013 484,1013 472,1020 462,1010 462,1008 461,1008"/>
        <Baseline points="271,1061 1120,1076"/>
        <TextEquiv>
          <Unicode>ſchloͤtterlein angchencket iſt worden / das ſie</Unicode>
        </TextEquiv>
      </TextLine>

      
      
      <TextLine id="eSc_line_a0ccaf55" >
        <Coords points="1019,1075 884,1081 874,1073 872,1073 870,1073 869,1073 867,1073 847,1081 840,1073 839,1073 839,1071 835,1071 834,1071 752,1080 742,1080 736,1080 696,1070 694,1070 692,1070 662,1078 657,1078 629,1076 481,1066 469,1066 452,1065 269,1068 269,1114 268,1121 407,1133 409,1133 494,1128 502,1134 502,1136 504,1136 506,1136 507,1136 859,1134 930,1144 932,1144 1119,1136 1120,1129 1120,1088 1057,1078 1055,1078 1054,1078 1037,1085 1027,1075 1019,1075"/>
        <Baseline points="269,1114 1120,1129"/>
        <TextEquiv>
          <Unicode>aber mit nichten verdient vnd beſchuldt ha⸗</Unicode>
        </TextEquiv>
      </TextLine>

      
      
      <TextLine id="eSc_line_a09b2d7d" >
        <Coords points="421,1118 419,1118 416,1119 394,1128 383,1118 381,1118 379,1118 378,1118 374,1118 318,1126 271,1114 269,1171 268,1178 1114,1203 1117,1189 1117,1143 1082,1133 1080,1133 1079,1133 1077,1133 1047,1141 1044,1143 1042,1141 1035,1133 1034,1133 1034,1131 1032,1131 1030,1131 1029,1131 1027,1131 999,1139 992,1141 899,1139 897,1136 889,1129 889,1128 887,1128 885,1128 884,1128 809,1133 761,1136 746,1131 729,1124 727,1124 726,1124 724,1124 707,1129 687,1134 652,1128 627,1123 626,1123 624,1123 616,1126 597,1133 564,1124 557,1123 556,1123 554,1123 546,1123 501,1131 437,1119 422,1118 421,1118"/>
        <Baseline points="269,1171 1117,1189"/>
        <TextEquiv>
          <Unicode>ben / ſo iſt nun mehr auß der Wein vmb ein</Unicode>
        </TextEquiv>
      </TextLine>

      
      
      <TextLine id="eSc_line_70639063" >
        <Coords points="864,1184 862,1184 860,1184 857,1186 839,1196 785,1196 634,1181 632,1181 631,1181 629,1181 627,1181 614,1191 522,1178 521,1178 516,1178 514,1178 509,1178 457,1184 446,1176 444,1176 442,1176 441,1176 439,1176 437,1176 437,1178 429,1186 409,1178 407,1178 406,1178 404,1178 402,1178 389,1186 271,1173 271,1228 269,1234 373,1246 374,1246 424,1239 437,1248 439,1248 441,1248 442,1248 481,1241 526,1249 527,1249 597,1243 606,1243 611,1249 612,1249 612,1251 614,1251 616,1251 1119,1254 1122,1244 1120,1193 889,1196 869,1186 865,1184 864,1184"/>
        <Baseline points="271,1228 1122,1244"/>
        <TextEquiv>
          <Unicode>kreutzer (wie man ſagt) denn ſie von der zeit</Unicode>
        </TextEquiv>
      </TextLine>

      
      
      <TextLine id="eSc_line_8a1d28e1" >
        <Coords points="269,1283 268,1291 970,1314 972,1314 974,1314 1004,1308 1039,1316 1040,1316 1042,1316 1117,1308 1119,1301 1119,1254 1109,1248 1107,1248 1105,1248 1104,1248 972,1254 967,1254 965,1254 950,1244 949,1244 947,1244 945,1244 899,1253 889,1244 889,1243 887,1243 885,1243 884,1243 772,1249 732,1239 731,1239 729,1239 614,1246 611,1246 609,1246 579,1236 577,1236 576,1236 522,1244 519,1244 504,1234 502,1234 501,1234 499,1234 269,1238 269,1283"/>
        <Baseline points="269,1283 1119,1301"/>
        <TextEquiv>
          <Unicode>an groſſe ſchand vnnd ſchmach dulden muͤſ⸗</Unicode>
        </TextEquiv>
      </TextLine>

      
      
      <TextLine id="eSc_line_ad708aec" >
        <Coords points="269,1341 268,1356 436,1351 524,1362 526,1362 586,1354 604,1364 607,1366 609,1366 611,1366 612,1366 614,1364 629,1357 731,1367 741,1367 742,1367 744,1367 746,1367 746,1366 754,1359 777,1367 781,1369 782,1369 784,1369 792,1369 832,1361 854,1369 857,1371 859,1371 860,1371 870,1369 922,1362 949,1371 952,1372 954,1372 1070,1374 1072,1374 1074,1374 1075,1374 1089,1366 1109,1374 1114,1357 1112,1303 1030,1311 1004,1301 1002,1301 1000,1301 999,1301 997,1301 985,1309 855,1298 850,1298 849,1298 847,1298 777,1306 746,1296 744,1296 742,1296 699,1304 669,1294 667,1294 666,1294 661,1294 541,1301 476,1291 474,1291 472,1291 471,1291 439,1299 419,1289 417,1289 416,1289 414,1289 412,1289 411,1289 386,1298 269,1288 269,1341"/>
        <Baseline points="269,1341 1114,1357"/>
        <TextEquiv>
          <Unicode>ſen / daher denn erfolget / daß offtermals groſ</Unicode>
        </TextEquiv>
      </TextLine>

      
      
      <TextLine id="eSc_line_4a487c20" >
        <Coords points="268,1397 266,1409 1115,1427 1119,1412 1119,1367 1085,1359 1084,1359 1082,1359 1045,1366 1037,1367 1022,1366 972,1359 970,1359 815,1361 697,1361 672,1356 644,1351 642,1351 607,1354 564,1359 536,1352 522,1349 521,1349 519,1349 457,1351 313,1354 268,1346 268,1397"/>
        <Baseline points="268,1397 1119,1412"/>
        <TextEquiv>
          <Unicode>ſe verruͤmbte geſchlechter an einander wach⸗</Unicode>
        </TextEquiv>
      </TextLine>

      
      
      <TextLine id="eSc_line_42e74e9d" >
        <Coords points="1052,1412 1050,1412 1027,1421 1022,1422 1015,1421 990,1411 989,1411 987,1411 944,1417 927,1421 922,1417 912,1409 910,1409 909,1409 907,1409 905,1409 904,1409 904,1411 897,1416 895,1417 882,1416 815,1407 814,1407 785,1412 764,1417 577,1416 486,1404 471,1402 467,1402 451,1401 449,1402 439,1407 368,1401 368,1401 351,1399 339,1399 338,1399 336,1399 311,1409 274,1399 268,1399 268,1454 266,1467 1112,1479 1115,1469 1115,1424 1054,1412 1052,1412"/>
        <Baseline points="268,1454 1115,1469"/>
        <TextEquiv>
          <Unicode>ſen / deßgleichen gantze nachbarſchafften / ſo</Unicode>
        </TextEquiv>
      </TextLine>

      
      
      <TextLine id="eSc_line_53d4a8d2" >
        <Coords points="487,1459 439,1467 381,1457 379,1457 264,1464 264,1509 263,1516 341,1527 343,1527 414,1521 431,1529 432,1529 434,1529 722,1527 1037,1542 1039,1542 1114,1534 1115,1527 1115,1484 1019,1471 1017,1471 882,1477 784,1466 782,1466 726,1474 489,1459 487,1459"/>
        <Baseline points="264,1509 1115,1527"/>
        <TextEquiv>
          <Unicode>vorhin wol zůfrieden / vnd in einem ſtall ſtun</Unicode>
        </TextEquiv>
      </TextLine>

      
      
      <TextLine id="eSc_line_f4fa87c5" >
        <Coords points="268,1564 266,1575 333,1575 334,1575 354,1585 356,1585 358,1585 401,1577 404,1577 419,1587 421,1587 422,1587 424,1587 636,1582 651,1582 652,1582 681,1592 682,1592 805,1595 807,1595 909,1589 960,1599 962,1599 964,1599 985,1590 1017,1599 1019,1599 1020,1599 1070,1592 1079,1599 1079,1600 1080,1600 1082,1600 1084,1600 1085,1600 1114,1590 1115,1582 1115,1537 960,1526 959,1526 914,1534 905,1534 902,1532 879,1524 877,1524 875,1524 840,1532 837,1532 834,1532 805,1522 804,1522 802,1522 746,1529 732,1521 731,1521 729,1521 727,1521 676,1529 674,1529 672,1529 646,1519 644,1519 642,1519 501,1526 499,1526 497,1526 421,1514 419,1514 346,1522 284,1512 283,1512 281,1512 279,1512 268,1519 268,1564"/>
        <Baseline points="268,1564 1115,1582"/>
        <TextEquiv>
          <Unicode>den / ſich einsmals von ſolcher Teuffelspro⸗</Unicode>
        </TextEquiv>
      </TextLine>

      
      
      <TextLine id="eSc_line_8be6c86d" >
        <Coords points="268,1627 266,1647 314,1657 316,1657 378,1649 406,1645 421,1649 446,1657 447,1657 449,1657 451,1657 452,1657 462,1650 469,1647 544,1647 552,1650 572,1660 574,1660 709,1662 711,1662 842,1654 874,1652 879,1654 897,1664 899,1664 900,1664 932,1657 965,1665 967,1665 969,1665 1105,1655 1107,1637 1102,1582 1082,1592 1004,1584 1002,1584 1000,1584 967,1592 268,1572 268,1627"/>
        <Baseline points="268,1627 1107,1637"/>
        <TextEquiv>
          <Unicode>pheten lugen wegen / gegen einander abwerf</Unicode>
        </TextEquiv>
      </TextLine>

      
      
      <TextLine id="eSc_line_d945a23d" >
        <Coords points="1104,1689 1092,1659 1050,1644 1049,1644 1047,1644 1045,1644 1019,1655 1022,1702 1022,1720 1109,1710 1109,1699 1105,1689 1104,1689"/>
        <Baseline points="1022,1702 1109,1699"/>
        <TextEquiv>
          <Unicode>fen/</Unicode>
        </TextEquiv>
      </TextLine>

      
    </TextRegion>
    

    
  </Page>
</PcGts>
