1190 1996
292 126 961 187 26 Von verblendung der
287 174 1123 254 fuͤrbaß ſchreiten / auß oder eingehn / ein kleid
289 241 1118 306 oder ſchůch anziehen / ins bad gehn / zu tiſch
292 292 1128 364 ſitzen / zu hauß gehen / in die ſchlaffkammern
287 347 1121 422 vns verfuͤgen / niderſitzen / inn ſumma / was
286 404 1120 477 wir anfahen / vnnd warmit wir vmbgehen /
287 459 1123 525 zeichnen wir die Stirnen mit dem zeichen
286 515 1128 587 des Creutzes. Wenn du inn ſolcher vnd an⸗
286 575 1123 640 derer dergleichen bꝛeuchen ein geſatz auß der
287 623 1125 698 Schrifft erforderſt / wirdt dir keins fuͤrge⸗
287 683 1128 751 halten / ſonder die gewonheit / die ein mehre⸗
282 740 1128 813 se / beſtetigerein vnnd des glaubens war⸗
284 791 1128 871 nemmerein iſt. Athanaſius zeigt an / de hu⸗
286 853 1128 924 manitate verbi, daß auch der betrug des
286 904 1126 976 Teuffels durch das zeichen des creutzes ver⸗
284 959 1128 1032 triben vnd hinderſtellig gemacht werde. Die
284 1017 1126 1089 Hiſtoria Eccleſiaſtica tripartita / meldet im
284 1076 1125 1144 9. Bůch am 34.Capitel / daß Marcellus der
287 1129 1128 1202 Biſchoff zů Apameia / das zeichen des hei⸗
287 1185 1126 1257 ligen creutzes inn das waſſer ſo mit glauben
287 1242 1126 1312 angeſprenge werden ſol / gemacht habe / die
286 1297 1125 1367 Teuffel / ſo ſolches waſſers krafft vnd wuͤr⸗
286 1355 1126 1428 ckung nicht haben dulden moͤgen / auß dem
284 1410 1125 1482 Tempel Jupiters außzutreiben. Das zei⸗
282 1475 1123 1538 chen ſoll billich niemandt ſchentzlen / noch
284 1525 1120 1598 ſchmehen / aber ſein mißbrauch iſt gentzlich
284 1585 1126 1668 zuſchelten / vorab wo mandie ehr / die dem
848 1640 1123 1721 gecreutzigeten
