1173 1997
58 113 874 181 boͤſen Geiſter / Das lIll. Buch. 44
29 171 878 246 fen / auch nimermehr widerumb mit einan⸗
26 229 618 297 der vereinbart moͤgen werden.
88 279 878 352 Dieweil nun dieſem allen alſo iſt / wie es
24 346 879 406 denn die tegliche erfarnus leider genugſam
26 396 878 464 bezeuget / ſo habe ich die offtermelten vrſecher
26 455 876 529 vnnd ſtiffter ſolcher verderbltchen vneinig⸗
26 512 876 577 keit / zweytrachts vnd ſchmachreden / nit fuͤr
26 564 879 632 beſſer / denn auffruͤriſche verwirrer deß gan⸗
26 624 881 693 ten Regiments / vnd brieffuerfelſcher. Wel⸗
26 680 876 747 chen denn / auß angeregten vrſachen / billich
26 733 883 800 alle Fuͤrſten / Hermn vnd Oberkeitten zum al
26 790 883 857 ler minſten / wenn ſie gleich nichts ſchwerers
26 847 884 918 mit jnen fuͤrnemmen woͤllen / das lugermaul
29 903 878 976 verſtopffen ſollen: Als deñein geltſtraff / nach
28 966 883 1025 dem vnd ſie die that bedunckt / aufiegen / vnd
28 1015 883 1081 im fall das ſie von ſolchem jrem bubenwerck
31 1071 884 1146 nicht abſtehen welten / das loch ſo in der rinck
29 1128 886 1196 maurn der Maurer gemacht antreffen / wie
31 1184 886 1258 es denn vorzeiten / deſſen ich denn noch wol
34 1241 886 1309 eingedenck bin / eim ſolchen warſager in Gel
33 1298 881 1372 dern ergangen iſt. Denn ich jnen je die ſtraſf
36 1354 888 1424 ſo Moyſes im alten Geſatz auß Gottes be⸗
41 1417 889 1487 fehl beſtimpt hat / nicht wuͤnſchen / welches
38 1467 893 1536 denn alſo lautet: Ein Mann oder Weib in
38 1524 893 1599 welchen ein Pytho oder Warſager geiſt ſein
41 1577 894 1669 wirdt / die ſollen deß Tods ſterben / mit ſiei⸗
581 1645 898 1714 Sev nen
