<?xml version="1.0" encoding="UTF-8"  standalone="yes"?>
<PcGts xmlns="http://schema.primaresearch.org/PAGE/gts/pagecontent/2019-07-15" xmlns:xsi="http://www.w3.org/2001/XMLSchema-instance" xsi:schemaLocation="http://schema.primaresearch.org/PAGE/gts/pagecontent/2019-07-15 http://schema.primaresearch.org/PAGE/gts/pagecontent/2019-07-15/pagecontent.xsd">
  <Metadata externalRef="https://content.staatsbibliothek-berlin.de/dc/813172837-0462/full/full/0/default.jpg">
	<Creator>escriptorium</Creator>
	<Created>2023-03-06T11:57:55.837824+00:00</Created>
        <LastChange>2023-03-06T11:57:55.837841+00:00</LastChange>

  </Metadata>
  <Page imageFilename="461_632b2_default.jpg" imageWidth="1174" imageHeight="1997">

    
    <TextRegion id="eSc_textblock_07f64dfe"  >
      <Coords points="339,99 1007,113 1062,166 1147,173 1147,1695 1029,1695 980,1649 293,1622 299,126 339,99"/>
      
      
      <TextLine id="eSc_line_d01370b1" >
        <Coords points="1012,119 975,111 972,111 955,111 939,111 922,111 915,116 862,114 855,109 855,109 839,109 822,108 814,108 774,114 726,106 722,106 706,106 697,106 687,114 631,106 629,106 627,106 581,118 561,103 556,103 539,103 522,103 506,103 489,101 481,101 479,101 477,101 476,101 476,103 459,118 309,118 308,119 308,158 306,166 318,174 319,174 321,174 323,174 374,166 1014,171 1017,161 1015,123 1012,119"/>
        <Baseline points="308,158 1017,161"/>
        <TextEquiv>
          <Unicode>442 Von verblendung der</Unicode>
        </TextEquiv>
      </TextLine>

      
      
      <TextLine id="eSc_line_0ee86559" >
        <Coords points="1120,169 1104,169 1095,168 1067,173 1032,164 1025,163 1024,163 1022,163 1009,164 955,173 947,164 945,164 945,163 944,163 942,163 940,163 929,164 897,171 860,164 837,161 835,161 787,164 719,171 709,166 702,161 689,161 674,166 661,169 649,166 632,159 631,159 629,159 577,166 547,169 536,166 516,159 504,159 502,159 489,166 487,168 484,166 472,159 471,159 454,159 437,159 304,166 304,214 303,219 381,231 383,231 467,222 484,222 492,224 527,232 529,232 531,232 582,226 597,224 1129,236 1132,221 1129,169 1120,169"/>
        <Baseline points="304,214 1132,221"/>
        <TextEquiv>
          <Unicode>nen ſollen ſie es zů tod werffen / jhr blůt auff</Unicode>
        </TextEquiv>
      </TextLine>

      
      
      <TextLine id="eSc_line_09b75c0a" >
        <Coords points="1004,221 987,221 974,221 900,226 869,227 867,226 862,219 860,219 854,219 847,219 815,226 810,226 805,226 777,219 771,219 754,219 737,219 721,219 719,218 557,224 541,224 527,218 521,218 507,216 306,222 306,272 304,286 429,281 511,289 522,289 524,289 529,289 569,281 579,289 581,291 582,291 584,291 586,291 599,289 637,282 1139,289 1142,277 1139,227 1025,227 1020,226 1005,221 1004,221"/>
        <Baseline points="306,272 1142,277"/>
        <TextEquiv>
          <Unicode>jrem kopff / ete. Item: Ein Seel ſo ſich verfů</Unicode>
        </TextEquiv>
      </TextLine>

      
      
      <TextLine id="eSc_line_002926a8" >
        <Coords points="1034,277 1032,277 997,286 960,277 959,277 957,277 762,286 732,277 731,277 729,277 727,277 696,286 644,277 642,277 602,286 494,277 492,277 491,277 489,277 482,284 474,277 472,277 471,277 339,277 338,277 336,277 311,286 311,331 313,347 344,339 374,347 376,347 378,347 379,347 397,339 442,347 444,347 446,347 447,347 491,339 524,347 526,347 527,347 529,347 554,339 577,347 579,347 581,347 582,347 609,339 632,347 634,347 636,347 637,349 739,349 739,347 741,347 742,347 742,346 751,339 1140,346 1142,331 1142,287 1035,277 1034,277"/>
        <Baseline points="311,331 1142,331"/>
        <TextEquiv>
          <Unicode>gen wirdt / zů den Zaubern vnd Warſagern</Unicode>
        </TextEquiv>
      </TextLine>

      
      
      <TextLine id="eSc_line_27893d30" >
        <Coords points="822,332 805,332 789,332 772,332 756,332 739,332 722,332 709,332 611,337 564,339 561,337 556,332 539,332 537,332 522,337 514,339 504,337 482,332 472,332 456,332 439,332 422,332 406,332 389,332 381,332 306,336 306,381 304,392 431,392 434,394 449,401 451,401 452,401 492,394 504,392 509,394 529,402 531,402 532,402 739,396 759,404 761,404 762,404 902,396 912,396 914,396 944,406 945,406 947,406 1140,396 1142,387 1140,339 822,332 822,332"/>
        <Baseline points="306,381 1142,387"/>
        <TextEquiv>
          <Unicode>vůmit jnen hurerey treiben / wil ich mein an</Unicode>
        </TextEquiv>
      </TextLine>

      
      
      <TextLine id="eSc_line_45991bb9" >
        <Coords points="309,447 309,460 1142,460 1144,444 1140,399 794,399 746,387 744,387 742,387 697,399 626,389 624,389 574,399 531,389 529,389 336,389 334,389 333,389 308,399 309,447"/>
        <Baseline points="309,447 1144,444"/>
        <TextEquiv>
          <Unicode>geſicht jhnen entgegen ſetzen / vnd ſie mitten</Unicode>
        </TextEquiv>
      </TextLine>

      
      
      <TextLine id="eSc_line_5a5ce3a1" >
        <Coords points="1007,445 1005,445 1004,445 977,450 955,454 950,450 947,447 947,445 945,445 944,445 942,445 915,450 887,455 865,450 845,445 837,445 830,445 820,450 812,455 716,455 706,450 697,447 687,447 671,447 666,447 646,450 629,454 624,450 621,447 604,447 587,447 586,447 561,450 551,452 549,450 544,447 537,447 521,447 504,447 487,447 471,447 462,447 442,450 432,452 424,450 401,447 388,447 371,447 354,447 338,447 334,447 304,450 304,495 303,505 1142,514 1145,500 1142,450 1019,455 1012,450 1009,447 1009,445 1007,445"/>
        <Baseline points="304,495 1145,500"/>
        <TextEquiv>
          <Unicode>auß dem Volck außreuten. Item / Deutero</Unicode>
        </TextEquiv>
      </TextLine>

      
      
      <TextLine id="eSc_line_7ef16063" >
        <Coords points="932,500 864,510 854,510 847,509 810,499 809,499 807,499 805,499 784,509 782,509 779,509 724,499 722,499 676,507 674,507 672,507 646,499 636,499 627,499 582,507 574,507 437,507 434,504 417,497 416,497 414,497 412,497 411,497 401,504 397,505 303,504 303,550 301,557 414,569 416,569 571,562 589,570 591,570 592,570 594,570 619,562 644,572 646,572 647,572 1145,565 1147,559 1137,514 1020,514 1019,512 1010,504 1009,504 1007,504 1005,504 1004,504 1002,504 994,510 992,512 985,510 934,500 932,500"/>
        <Baseline points="303,550 1147,559"/>
        <TextEquiv>
          <Unicode>nomij am s. Es ſol kein Warſager der mit</Unicode>
        </TextEquiv>
      </TextLine>

      
      
      <TextLine id="eSc_line_a129c238" >
        <Coords points="303,609 301,619 865,630 867,630 1145,622 1147,614 1137,567 1117,560 1115,560 1114,560 1112,560 1110,560 1097,570 1077,570 984,570 984,569 974,560 974,559 972,559 970,559 969,559 967,559 944,569 942,569 934,569 849,560 847,560 799,567 782,559 781,559 779,559 717,567 714,567 697,557 696,557 694,557 692,557 637,567 632,567 627,567 586,555 584,555 582,555 303,564 303,609"/>
        <Baseline points="303,609 1147,614"/>
        <TextEquiv>
          <Unicode>warſagē kuͤnfftige ding anzeig / noch tagwel⸗</Unicode>
        </TextEquiv>
      </TextLine>

      
      
      <TextLine id="eSc_line_5f035bdf" >
        <Coords points="301,662 299,672 864,687 865,687 982,678 985,678 987,678 1017,688 1019,688 1020,688 1145,678 1147,672 1135,627 1082,619 1080,619 917,624 874,625 864,624 827,615 301,615 301,662"/>
        <Baseline points="301,662 1147,672"/>
        <TextEquiv>
          <Unicode>ler / oder der auff vogelgeſchꝛey acht os Zeu⸗</Unicode>
        </TextEquiv>
      </TextLine>

      
      
      <TextLine id="eSc_line_f4ca8d3a" >
        <Coords points="1099,672 1097,672 1022,683 1014,683 1010,682 979,670 977,670 975,670 974,670 952,680 942,670 940,670 939,670 934,670 917,670 900,670 892,670 890,670 889,670 859,680 852,682 842,680 805,672 804,672 711,678 666,680 652,677 621,667 619,667 617,667 616,667 582,675 571,678 567,675 557,667 556,667 554,667 552,667 551,667 522,675 507,680 474,680 466,673 457,667 456,667 454,667 452,667 451,667 426,673 407,677 301,672 301,718 299,735 935,735 940,735 975,745 977,745 979,745 1067,737 1120,745 1122,745 1124,745 1145,735 1147,727 1135,682 1100,672 1099,672"/>
        <Baseline points="301,718 1147,727"/>
        <TextEquiv>
          <Unicode>berer / oder Beſchwerer / oder Warſagen / o⸗</Unicode>
        </TextEquiv>
      </TextLine>

      
      
      <TextLine id="eSc_line_63816d91" >
        <Coords points="939,725 922,725 905,725 892,725 817,732 782,733 761,730 736,727 734,727 732,727 731,727 727,730 722,735 711,730 699,725 697,725 696,725 694,725 692,725 687,730 681,735 662,730 652,727 651,727 649,727 629,728 587,735 576,728 566,723 564,723 562,723 561,723 549,728 537,733 522,728 509,723 507,723 506,723 504,723 502,723 496,728 487,732 482,728 479,725 479,723 477,723 476,723 474,723 472,723 459,727 439,733 424,727 416,723 414,723 412,723 306,725 308,783 309,802 339,792 591,798 707,800 709,800 711,800 726,795 739,792 855,793 1105,798 1107,798 1109,798 1147,788 1147,780 1139,735 959,735 954,732 940,725 939,725"/>
        <Baseline points="308,783 1147,780"/>
        <TextEquiv>
          <Unicode>Zeichenbedeuter / oder der ſo die Todten fra⸗</Unicode>
        </TextEquiv>
      </TextLine>

      
      
      <TextLine id="eSc_line_5584dab8" >
        <Coords points="677,783 306,790 306,835 304,848 1145,848 1147,838 1140,793 980,785 979,785 977,785 950,793 949,793 947,793 915,785 914,785 912,785 877,793 874,793 870,793 845,785 844,785 842,785 797,793 790,793 785,793 757,785 756,785 754,785 752,785 732,793 729,793 724,793 679,783 677,783"/>
        <Baseline points="306,835 1147,838"/>
        <TextEquiv>
          <Unicode>get / vnter dir gefunden werden. Deñ wer ein</Unicode>
        </TextEquiv>
      </TextLine>

      
      
      <TextLine id="eSc_line_64514783" >
        <Coords points="739,838 737,838 726,845 714,852 659,852 642,843 632,838 631,838 629,838 601,843 569,848 542,842 529,838 527,838 526,838 487,840 411,847 402,840 402,838 401,838 399,838 304,838 304,893 304,906 341,913 343,913 344,913 359,906 368,903 376,906 389,913 391,913 392,913 394,913 407,906 416,903 431,906 457,913 459,913 461,913 462,913 464,913 472,906 479,903 584,903 589,905 606,913 607,913 609,913 611,913 612,913 622,905 624,903 634,905 664,911 666,911 699,905 707,903 709,905 717,911 717,913 719,913 721,913 722,915 909,915 909,913 910,913 930,905 940,913 942,913 944,913 945,915 1097,915 1097,913 1147,901 1147,893 1139,853 979,853 975,850 969,843 967,843 965,843 964,843 937,848 924,852 917,848 907,843 905,843 904,843 877,848 855,852 847,847 842,843 840,843 839,843 837,843 835,843 822,847 804,852 777,847 741,838 739,838"/>
        <Baseline points="304,893 1147,893"/>
        <TextEquiv>
          <Unicode>ſolchs thůtder iſt dem Herren ein grewel / vi</Unicode>
        </TextEquiv>
      </TextLine>

      
      
      <TextLine id="eSc_line_0bc624af" >
        <Coords points="301,943 299,951 389,963 391,963 506,955 507,955 509,955 524,965 526,965 527,965 529,965 571,956 722,966 724,966 1144,960 1145,950 1145,903 301,900 301,943"/>
        <Baseline points="301,943 1145,950"/>
        <TextEquiv>
          <Unicode>von ſolcher grewel wegen / hat ſie der Herr</Unicode>
        </TextEquiv>
      </TextLine>

      
      
      <TextLine id="eSc_line_bba7d191" >
        <Coords points="303,1001 301,1015 524,1010 569,1018 582,1020 584,1020 586,1020 594,1018 622,1011 654,1018 666,1020 667,1021 732,1021 732,1020 734,1020 736,1020 736,1018 737,1018 744,1011 761,1018 766,1020 767,1020 769,1020 1142,1018 1144,1006 1135,960 1045,951 1044,951 1042,951 1040,951 1029,960 1027,960 1015,960 942,951 940,951 904,958 890,960 875,958 832,950 830,950 757,956 727,958 704,955 664,950 662,950 661,950 659,950 652,955 647,958 619,955 574,948 572,948 522,953 487,956 303,951 303,1001"/>
        <Baseline points="303,1001 1144,1006"/>
        <TextEquiv>
          <Unicode>Gott vor die her ver trieben / etc. Alſo iſt der</Unicode>
        </TextEquiv>
      </TextLine>

      
      
      <TextLine id="eSc_line_0e7f0c33" >
        <Coords points="301,1058 299,1073 930,1073 934,1073 945,1081 947,1081 949,1081 950,1081 1144,1073 1145,1065 1145,1020 947,1020 945,1016 940,1010 939,1010 939,1008 937,1008 935,1008 934,1008 932,1008 930,1008 920,1016 919,1018 732,1018 717,1013 691,1006 689,1006 687,1006 652,1011 634,1015 617,1011 592,1006 591,1006 589,1006 576,1011 566,1015 554,1011 541,1006 539,1006 537,1006 301,1006 301,1058"/>
        <Baseline points="301,1058 1145,1065"/>
        <TextEquiv>
          <Unicode>Koͤnig Ochoſias zů grundt gegangen / denn</Unicode>
        </TextEquiv>
      </TextLine>

      
      
      <TextLine id="eSc_line_f63a8c8f" >
        <Coords points="299,1113 298,1119 1144,1128 1147,1121 1135,1076 925,1068 924,1068 827,1075 809,1075 805,1075 782,1065 781,1065 779,1065 639,1071 622,1063 621,1063 619,1063 617,1063 597,1071 597,1073 519,1073 517,1071 509,1063 507,1063 506,1063 504,1063 299,1068 299,1113"/>
        <Baseline points="299,1113 1147,1121"/>
        <TextEquiv>
          <Unicode>als er auff ein zeit krauck war / hat er den wa⸗</Unicode>
        </TextEquiv>
      </TextLine>

      
      
      <TextLine id="eSc_line_b33b705b" >
        <Coords points="1134,1133 1024,1133 1022,1131 995,1121 994,1121 992,1121 935,1128 909,1119 907,1119 905,1119 904,1119 902,1119 887,1129 879,1121 877,1121 875,1121 874,1121 872,1121 870,1121 857,1129 855,1129 805,1121 804,1121 802,1121 800,1121 787,1129 774,1129 671,1121 669,1121 667,1121 644,1128 624,1118 622,1118 621,1118 579,1128 574,1128 569,1128 509,1116 507,1116 298,1124 298,1171 296,1186 1144,1188 1147,1178 1144,1164 1134,1133"/>
        <Baseline points="298,1171 1147,1178"/>
        <TextEquiv>
          <Unicode>ren Gott Iſraels / vnd die gebuͤrlichen mit⸗</Unicode>
        </TextEquiv>
      </TextLine>

      
      
      <TextLine id="eSc_line_68dc61c8" >
        <Coords points="910,1176 857,1184 855,1184 854,1184 822,1176 820,1176 819,1176 716,1183 702,1174 701,1174 699,1174 697,1174 696,1174 694,1174 684,1183 601,1174 599,1174 522,1183 511,1183 507,1183 486,1173 484,1173 482,1173 481,1173 452,1181 451,1181 447,1181 353,1173 351,1173 298,1179 298,1228 296,1236 721,1248 722,1248 910,1239 925,1239 927,1239 959,1249 960,1249 962,1249 1142,1239 1144,1234 1132,1186 912,1176 910,1176"/>
        <Baseline points="298,1228 1144,1234"/>
        <TextEquiv>
          <Unicode>tel verachtet / vñ hingeſchickt Beelzebub den</Unicode>
        </TextEquiv>
      </TextLine>

      
      
      <TextLine id="eSc_line_e412c304" >
        <Coords points="1065,1234 970,1241 962,1234 950,1234 942,1234 882,1241 867,1243 790,1243 787,1241 774,1233 767,1233 759,1233 726,1239 716,1241 704,1239 671,1233 669,1233 667,1233 666,1233 657,1239 654,1241 646,1238 629,1233 627,1233 626,1233 536,1236 477,1239 474,1236 469,1229 467,1229 454,1229 421,1236 406,1238 396,1234 378,1229 368,1229 351,1229 301,1233 301,1283 299,1293 1140,1299 1144,1291 1135,1244 1067,1234 1065,1234"/>
        <Baseline points="301,1283 1144,1291"/>
        <TextEquiv>
          <Unicode>Gott Accaron rhats zůfragen. Vñ derhalb</Unicode>
        </TextEquiv>
      </TextLine>

      
      
      <TextLine id="eSc_line_57beadd3" >
        <Coords points="1135,1291 1119,1291 1102,1291 1097,1291 939,1298 927,1289 925,1289 924,1289 922,1289 817,1296 789,1288 787,1288 785,1288 722,1296 677,1288 669,1288 652,1288 649,1286 559,1294 551,1288 551,1286 549,1286 547,1286 546,1286 397,1293 318,1284 303,1284 303,1339 301,1354 489,1349 507,1357 509,1359 511,1359 512,1359 514,1359 516,1359 534,1351 672,1351 714,1359 721,1361 722,1361 741,1361 854,1352 1137,1362 1140,1346 1137,1291 1135,1291"/>
        <Baseline points="303,1339 1140,1346"/>
        <TextEquiv>
          <Unicode>ſo hat auch der Koͤnig Saul ein offentlich</Unicode>
        </TextEquiv>
      </TextLine>

      
      
      <TextLine id="eSc_line_8d6f7ef6" >
        <Coords points="1049,1346 952,1356 939,1356 937,1356 915,1344 914,1344 912,1344 832,1354 829,1354 825,1354 784,1346 782,1346 732,1354 724,1354 722,1354 701,1342 699,1342 697,1342 622,1351 577,1342 576,1342 486,1349 472,1341 471,1341 469,1341 467,1341 466,1341 446,1351 444,1351 383,1342 381,1342 299,1349 299,1396 298,1406 764,1416 766,1416 914,1409 927,1409 929,1409 957,1417 959,1417 960,1417 1145,1409 1147,1402 1134,1356 1050,1346 1049,1346"/>
        <Baseline points="299,1396 1147,1402"/>
        <TextEquiv>
          <Unicode>edict außgchen laſſen / mit welchē er alle Zeu</Unicode>
        </TextEquiv>
      </TextLine>

      
      
      <TextLine id="eSc_line_bc91f1ce" >
        <Coords points="299,1451 298,1467 1144,1467 1145,1459 1145,1412 299,1402 299,1451"/>
        <Baseline points="299,1451 1145,1459"/>
        <TextEquiv>
          <Unicode>berer vnd Warſager des Landts verbannet</Unicode>
        </TextEquiv>
      </TextLine>

      
      
      <TextLine id="eSc_line_91242a85" >
        <Coords points="997,1459 995,1459 994,1459 942,1467 935,1467 932,1467 912,1457 910,1457 909,1457 802,1464 777,1466 771,1464 747,1456 746,1456 744,1456 742,1456 741,1456 732,1464 729,1467 687,1467 682,1462 674,1456 672,1456 671,1456 669,1456 667,1456 647,1462 636,1466 556,1466 551,1461 544,1454 542,1454 541,1454 539,1454 537,1454 522,1461 511,1464 454,1464 449,1459 441,1452 439,1452 437,1452 436,1452 394,1457 361,1462 298,1457 298,1507 296,1519 303,1524 304,1524 306,1524 308,1524 464,1517 507,1526 509,1526 781,1521 802,1529 804,1529 805,1529 1142,1522 1144,1516 1132,1469 1072,1461 1070,1461 1019,1467 1010,1469 1009,1467 999,1459 997,1459"/>
        <Baseline points="298,1507 1144,1516"/>
        <TextEquiv>
          <Unicode>hat. Als er aber nachmals ſelbſt ſtracks wider</Unicode>
        </TextEquiv>
      </TextLine>

      
      
      <TextLine id="eSc_line_006c24e4" >
        <Coords points="298,1565 296,1579 459,1574 559,1580 609,1584 611,1584 612,1584 621,1580 636,1575 672,1580 711,1585 712,1585 790,1580 820,1579 832,1580 875,1587 877,1587 879,1587 880,1587 880,1585 887,1580 895,1587 897,1587 899,1587 900,1587 947,1580 959,1579 977,1580 1079,1589 1080,1589 1144,1579 1145,1574 1145,1526 1060,1517 1059,1517 1012,1524 997,1526 990,1524 970,1516 969,1516 967,1516 809,1522 790,1522 789,1522 782,1516 782,1514 781,1514 779,1514 777,1514 564,1521 529,1521 526,1521 516,1512 514,1512 512,1512 511,1512 477,1519 471,1521 467,1519 449,1511 447,1511 446,1511 298,1517 298,1565"/>
        <Baseline points="298,1565 1145,1574"/>
        <TextEquiv>
          <Unicode>ſolch ſein eigen gebott gehandelt / vñ das Zeu</Unicode>
        </TextEquiv>
      </TextLine>

      
      
      <TextLine id="eSc_line_9fe96bdd" >
        <Coords points="1084,1574 1082,1574 1065,1582 947,1572 945,1572 894,1582 844,1572 830,1572 814,1572 809,1570 792,1584 719,1570 714,1570 697,1570 681,1570 664,1570 657,1570 602,1579 592,1570 592,1569 591,1569 589,1569 581,1569 564,1569 547,1569 531,1569 514,1569 497,1569 481,1569 459,1577 431,1567 431,1567 414,1567 404,1567 343,1582 331,1619 314,1619 299,1619 298,1620 298,1647 311,1644 316,1647 331,1659 333,1659 334,1659 336,1660 447,1660 447,1659 449,1659 451,1659 466,1647 472,1644 536,1644 542,1647 566,1657 567,1657 569,1657 611,1647 622,1645 626,1647 639,1657 641,1657 642,1657 644,1657 716,1650 742,1659 744,1659 746,1659 747,1659 749,1659 761,1650 797,1662 799,1662 800,1662 1144,1647 1145,1627 1145,1589 1085,1574 1084,1574"/>
        <Baseline points="298,1620 1145,1627"/>
        <TextEquiv>
          <Unicode>rweib zů Endor t hats gefraget / iſt jhm da⸗</Unicode>
        </TextEquiv>
      </TextLine>

      
      
      <TextLine id="eSc_line_c066acea" >
        <Coords points="1022,1684 1022,1687 1022,1704 1112,1702 1140,1710 1144,1687 1139,1640 1064,1637 1062,1637 1060,1637 1032,1645 1022,1684"/>
        <Baseline points="1022,1687 1144,1687"/>
        <TextEquiv>
          <Unicode>rumb</Unicode>
        </TextEquiv>
      </TextLine>

      
    </TextRegion>
    

    
  </Page>
</PcGts>
