1174 1997
301 113 1010 186 444Von verblendung der
299 169 1145 241 auff dem rucken tregt / der Herr iſt des Kne⸗
299 226 1145 297 chtes Herr / vnd der Knecht des Herrn Kne⸗
301 282 1142 351 chte / ſein derhalben zů beiden ſeiten einander
301 336 1144 407 hart verknuͤpffet vnd verbunden.) Nun diſe
298 391 1144 469 vmbſchweiffende Landfarer / dicweil vnd ſie
296 449 1147 520 nicht allein an jrer eigenen Scel uͤbel verfa⸗
294 505 1139 582 ren vñ zum Schelmen werden / ſonder auch
294 569 1140 640 ander leut ſchendtlich vnd leſterlich betriegē /
296 617 1144 693 vnd / alſo zůreden / jren Gottloſen ſpeihel an⸗
293 675 1144 750 kluͤttern / ſein / meines erachtens niergendts
294 730 1140 805 zůdulden. Deſſen haben wir zů vnſern zeiten
293 795 1144 862 ein herrlich / gedechtnis wirdig Erempel er⸗
291 847 1135 921 lebt / welchs fuͤrwar wol wirdig das jm auch
293 900 1140 975 anderſtwo von Fuͤrſten / Herrn vnnd Ober⸗
291 956 1140 1025 keiten nachkommen wuͤrde. Denn als erſt⸗
291 1013 1139 1085 ermelter Teuffelskremern vor wenig jaren
291 1070 1139 1136 einer gen Arnheim in Gelderlandt / mit na⸗
289 1126 1137 1199 men Jacobus Jodoci de roſa Cortricenſis
288 1183 1137 1253 kommen / hat ein Erſamer weiſer Rhat ge⸗
288 1239 1137 1313 meltes orts (inn welchem denn dazůmal der
291 1294 1137 1374 hoch vnd wolgelehrt / fuͤrſichtig / hochgeacht
288 1352 1135 1422 Herr D. Adrianus Marius Nicolai Can⸗
286 1409 1135 1481 cellarius / dem ich alle ehrerbietumg / vnter⸗
286 1467 1134 1542 thenige / gefliſſene dienſt auß vielen vrſachen
284 1521 1132 1599 ſchuͤldig bin) den vorzůg / alſo zůreden hat /
284 1579 1129 1670 auß befelch Roͤmiſcher Keiſerlicher Mt.gar
1057 1652 1130 1724 ein
