1182 1997
293 126 1000 198 40 Von verblendung der
294 179 1135 264 geſchwornen Notarium / daů er ſich freilich
293 237 1140 316 an jme gerochen hat) auß vnd ledig zůlaſſen.
293 291 1138 377 Doch was ſag ich viel / ich beſinne mich erſt
291 347 1138 432 recht / er moͤcht vielleicht den armen Teuf⸗
291 406 1135 484 felskopff etwan auch mit dem hamer gleich
288 459 1137 539 wie ein Stockfiſch zerbiewet haben. Vber
288 514 1137 597 ſolchs hat er auch ſeine ſchwartzkuͤnſtler Bůͤ
286 572 1133 650 cher ins feuwver / ſo alda angezuͤndet werffen /
286 629 1138 715 vnd ſo lang biß ſie zů pulffer vnd eſchen ver⸗
283 685 1137 770 brennt / harꝛen muͤſſen. Vñ nach dem er von
283 740 1137 825 dieſer handlung wegen auffgelauffenen ko⸗
279 802 1137 882 fen eriegt / iſt er von Statt vñ Land mit ein⸗
284 857 1137 936 geknuͤpfftem eyd nicht wider zůkehren / ver⸗
281 910 1137 996 wieſen worden. Vnd iſt ſoiches alles geſche⸗
283 966 1132 1051 hen zů Arnheim den viertzehenden Hoͤwmo
279 1025 1132 1106 nats im jar nach Chriſti vnſers lieben Herꝛn
279 1076 1130 1164 vnd Heilands menſchwerdůg gezelt tauſent
278 1136 1127 1219 fuͤnff hundert acht vnd viertzig. Es were bey
278 1191 1127 1276 glauben nit vbel gehandelt meines erachtens
273 1248 1127 1336 wenn man ſchon gleicher geſtalt eryſiall / gla
271 1303 1117 1392 fer / vnd andre ſolche Teuffelsbiſemknoͤpff /
271 1359 1120 1442 ſolchem vngoͤttlichen mißbꝛauch gewidmet /
268 1419 1122 1497 mit einhelliger vrtheil verdampt / vnd oͤffen⸗
269 1472 1120 1559 lich zerſchlůͤge. Nun ſouiel vñ aber die Gold
268 1527 1118 1614 ſchmid / Cryſtallſchneider / Glaſer vñ ander
271 1584 1120 1682 Werckmeiſter / ſoden kleinen Graßteuffeln
1013 1664 1115 1747 dieſe
