1185 1997
69 106 872 173 boͤſen Geiſter / Das V. Buch. 447
21 164 875 241 dieſe jr heußlein vnd cellen bauwen vnd zůrůͤ
26 221 873 297 ſten / antrifft (deñ ſie je wo ſie ſchuͤldig erfun⸗
23 279 873 354 den vnd vngeſtrafft nicht ſollē außgehn / die⸗
23 334 873 404 weil der Dieb vnd ſein Secktrager zwey par
24 389 872 462 hoſen von eim thuch ſind) wil ich einer jeden
26 449 873 524 frommen / fuͤrſichtigen / vnd billigkeit liebha
24 504 808 570 benden Oberkeit die ſach befolhen haben.
83 555 877 632 Die Buͤcher des Zauberwercks betref⸗
28 622 875 693 fen vnd anlangend / bedunckt mich on ſonde⸗
23 672 875 747 re not ſein von denſelben / wie mit jhnen zů⸗
26 732 873 797 handlen / frag einzůfuͤren / red gegen red / vnd
26 787 875 855 der Zeugen ſag zůͤuerhoͤren / dieweil vñ doch
26 840 878 908 die ſach / ſo vor langem durch ein preiudi⸗
24 896 878 965 cium etlicher / denen nicht leichtlich zů wider
29 951 880 1033 ſprechen / zů recht geſetzt iſt. Denn wir jhe
26 1010 882 1081 wiſſen / daß allen denen ſo nicht mehr denn
26 1065 880 1136 an einem fuͤruͤber gehn der heiligen Schꝛifft
26 1129 883 1198 einen guten morgen / alſo zůͤreden / gewuͤn⸗
29 1178 883 1254 ſchet haben / bekannt iſt / das inn der vor viel
28 1236 882 1308 jaren inn aller welt verrhuͤmeten Statt E⸗
29 1291 883 1371 pheſo / durch die ernſtliche predig Pauli des
28 1349 885 1421 theuwren werckzeugs vnſers lieben Herrn
28 1404 885 1479 vnd Heilandts Jeſu Chriſti / die ſach dahin
29 1461 883 1537 gebracht worden iſt / dz ein ſolcher hauff diſer
31 1522 887 1589 Buͤchern zůſamen gebꝛacht / vñ zů pulfer vñ
29 1574 892 1662 eſchen verbreßt wordē iſt / dy ſich die ſumma
780 1634 883 1727 nach
