1182 1997
309 106 1018 174 aas Von verblendung der
304 164 1155 237 nach abrechnung / auff die fuͤnfftzig tauſent
307 219 1152 294 pfenning lieff. Es bracht auch der Zauberer
307 277 1152 344 Hermogenes zum heiligen Jacobo ſolchen
306 334 1150 406 geruͤmpel / welcher aber alsbaldt one verzůg
304 389 1155 462 verbrennt ward. Athanaſius thůͤt in dem
304 454 1153 515 opere von der Menſchwerdung des worts
307 504 1155 574 gleichergeſtalt etlicher / ſo vormalen der Zau
304 560 1153 629 berey obgelegen / vnd aber nachmals jre Bů⸗
304 615 1157 682 cher dem Vuleano auffgeopffert haben / mel
302 670 1153 747 dung. Es iſt auch der hochberhuͤmbt Juris⸗
304 728 1155 798 conſultus Vlpianus der meinung / das man
304 785 1153 860 auß ſolchen Buͤchern pulfferheußlein vnnd
304 843 1152 911 anders mehr machen ſolle. L. Cetere / parag.
306 901 1152 971 . ff. fa. hercis. Hicher ſol nun der gantz ſchau
302 951 1152 1028 platz vnd Spielhauß / alſo zů reden / aller de⸗
299 1006 1150 1086 ren Teuffeliſchen wahrſagungē / ſo von vus
299 1071 1150 1133 in dem andern Buch / vnter die Zauberer ge
301 1121 1148 1194 zelt vnd geſetzt werden. Von der Schwar⸗
299 1176 1145 1251 tzenkunſt wegē iſt auch L. Apuleius von Sy
299 1236 1145 1306 como Aemiliano angeklagt worden / vñ das
299 1289 1147 1366 vor C. Maximo / ſo dazůmal in Affrica Lad
331 1346 1112 1424 pfleger war / vnd wie etliche woͤllen / deß⸗
377 1411 1062 1486 halben verdamet / wiewol der mehr⸗
542 1466 915 1539 theil das widerſpiel
649 1521 792 1595 haltet.
1018 1575 1145 1665 Was
