1175 1997
83 106 878 186 boͤſen Geiſter / Das V. Bach. 4
29 168 875 251 chenbedeuter / Wahrſager / Vogelprophet /
28 226 878 299 Tagweller / Troͤumbedeuter / oder was der⸗
29 291 877 364 gleichen vngegruͤndeten vom Teuffel vmb⸗
29 342 880 414 getriebner Kuͤnſtler ſein moͤchte / vnter mei⸗
28 397 880 475 nem oder Keiſerlicher Maieſtet gefehrt be⸗
29 450 882 530 griffen wuͤrd / der ſlle aber ſeiner ehren ent⸗
28 514 880 590 ſetzt werden / vnnd hie neben vor der marten
26 562 882 649 vnnd penlicher frage eben gar nichts gefri⸗
28 617 880 697 ſtei ſein. Were es aber ſach / daß er ſeiner
29 678 882 757 ſchweren mißhandlung gnugſamlich vber⸗
28 740 877 812 zeuget / uichts deſter minder aber mit verleug
28 790 878 867 nung derſelbigen beharrlich hindurch zůtru⸗
28 845 878 925 cken vnterſtuͤnde / ſo ſol er wie er denn wol be⸗
31 900 878 981 ſchuldet / inn ein faß mit neglen durchſpickt
31 958 877 1038 geworffen werden / vnd mit ſolcher ſtraff vñ
31 1015 492 1086 peen ſeine bůß erſtatten.
84 1068 878 1143 Keiner ſol einen Wahrſager vmb rhats
33 1123 880 1206 fragen / es ſol ſich auch menigklich des wahr⸗
31 1181 882 1263 ſagens abthůn vnnd entziehen: Wer aber hie
29 1239 880 1318 wider fuͤrnimpt vnnd handlet / der wirdt ge⸗
36 1293 569 1361 ſtrafft. h. d. ſecundum Sal.
94 1351 878 1426 Nicmand ſol von einiger vrſach wegē ei⸗
31 1404 873 1489 nē Zauberer / Chaldeer / Teuffelbeſchwerer /
33 1461 877 1546 vorab kuͤnfftige dingbetreffen / anſprechen:
31 1524 877 1602 wer aber ſoͤlchs vberſchē vñ daꝛwid thůn wuͤr
34 1572 875 1667 de/ der ſol mit dem ſchwert vñ allem ſo darzů
454 1639 514 1724 Ff
708 1644 873 1724 achoͤrig
