1175 1997
93 113 873 186 boͤſen Geiſter / Das V. Buch. 433
33 168 870 239 wurde / der ſey vns ein greuwel vnnd flůch⸗
33 221 878 304 Glofl. Phylacteria aber heiſſen an dieſem
33 284 878 366 ort zedelein / darauff verſegung geſchrieben
38 352 159 424 ſtehn.
96 391 882 467 ldem N hab. 26.q.5. contra. Wider die
34 445 880 532 Abgoͤtter / Zeichendeuter / Wahrſager / er⸗
34 505 878 580 manen wir dich lieber Bruder / daß du dich
36 562 878 642 mehr deñ Scelenhirten fleiſſes gebraucheſt:
38 617 882 698 vñ in dem fall daß du befinden wurdeſt / daß
39 672 885 757 ſolche von jhrem fuͤrnemmen nicht abſtehen
38 735 885 803 wolten / ſind ſie leibs eigen / ſo werde juen die
41 785 892 872 haut zerſchlagen:wo nicht / ſo leg man ſie an
41 838 888 923 ort vnd end / da kein Roß vber ſie lauffe. zů
41 896 883 985 beiden ſeiten fare man mit ſtrenger ſtraff ge⸗
48 961 890 1036 gen jnen. ldem ex concilio Ancyritano,
46 1015 895 1088 cap. 34. Welchen nach dem wahrſagen watz
46 1066 892 1151 iſt / vnd hierinnen den Heiden gleichfoͤrmig
48 1123 897 1201 werden / oder ſolche Brillenrciſſer in jre heu⸗
51 1179 898 1259 ſer mit ſich ſchleiffen / etwas durch das zau⸗
49 1236 902 1323 berwerck zů ergruͤblen oder zů reinigen / die
53 1291 905 1376 ſollen der Regel der fuͤnff jaren / ſo nach den
54 1349 902 1434 ſtafflen der poͤnitentz vnd bůß be ſtimpt / vn⸗
53 1406 900 1486 terworffen ſein. Gloſl. Dem Geſetz nach
54 1469 905 1537 werden ſolche verbrannt / der aber / inn deſſen
58 1519 905 1604 hauß ſolches beſchicht / verwircket all ſein
59 1575 905 1664 gůt vnd haab / wirdt auch in das ellend ver⸗
743 1634 907 1710 wieſen.
457 1635 622 1727 If ii
