1175 1997
84 119 865 184 boͤſen Geiſter / Das V. Buch. 457
31 176 870 252 heutigen tag nennet / nicht mit einem einigē
31 232 867 309 wort meldung beſchicht / auch deren laſtern /
36 296 870 369 ſo man jhnen gememlich zuͤleget / nicht ge⸗
36 352 287 421 dacht wirdt.
88 404 880 474 Den Zauberern / ſo ſie ſich bekecren vnd ab⸗
36 462 877 529 ſtehn / wirt ein Hiſtory Bapſt Sylueſters des
36 509 880 570 andern / des nammens fůrgehalten / ſampt ei⸗
38 557 880 624 nem figment oder gedicht / von dem erbaͤrml⸗
39 604 512 665 chen end einer Unholden.
282 667 645 730 Das IIll. Capitel.
129 720 885 802 Vgůͤtem aber allen vnd jeden Zaubern
128 780 885 860 ſo abſtehn vnd ſich bekeeren / wil ich das
121 840 892 910 lautprecht Exempel des 8: Roͤmiſchen
48 895 890 965 Bapſt Sylueſters des andern dieſes nam⸗
43 950 893 1023 mens / auß Platina / Nauclero / Petro Pre⸗
44 1006 890 1078 manſtratenſi / Bennone Cardinale / auch
46 1063 895 1134 auß der Chronica bruder Martins Predi⸗
51 1118 893 1201 ger ordens anziehen. Dieſer Bapſt / ſo vor
48 1176 895 1248 nachher Gilbertus genannt / ein angeborner
51 1228 902 1309 Frantzoß / hat / wie man ſagen will / durch boͤ
53 1288 905 1362 ſe kuͤnſt nur zů dem Baͤpſtlichen Stůl einen
54 1354 902 1424 zůgang gemachet. Denn als er noch gantz
54 1402 903 1482 jung / iſt er inn dem Floriacenſichen Kloſter
54 1456 905 1527 nicht weit von Drliens zů einem Moͤnch in
58 1514 912 1584 auguriert worden. Vnd nach dem er dem
59 1569 910 1665 Kloſter vrlaub gebē / iſt er dem Teuffel/ dem
510 1632 595 1719 Ff
615 1640 645 1704 1
775 1624 908 1717 er ſich
