1190 1996
282 129 341 182 29
426 121 961 184 Von verblendung der
284 172 1125 247 heimgefuͤrt ward. Das iſt aber inn dieſer
282 232 1123 299 Hiſtori mit nichten zuuerſchweigen / daß
279 286 1126 360 dieſes offtgemelt Jungkfrewlein / vorma⸗
277 342 1123 414 len nie mehꝛ / weder tůchſtůcklin / noch faden /
281 399 1125 477 gufen / nadlen / negel vnd was des geſchmet⸗
277 457 1121 527 ters / außgeſpeyet hat / biß daß auß vrſach
277 513 1126 577 etwas ſchmertzens / ſo es inn ſeinem leib ent⸗
279 567 1123 643 pfand / ſie vnnd die jhren / als abergleubige
277 623 1123 690 Leut ( damit der ſchmertzen der auß verbor⸗
279 678 1123 755 genem vꝛtheil Gottes / durch natuͤrliche dar
279 736 1125 808 zů veroꝛdnete mittel entſtanden / nicht im
279 793 1123 866 grundt erkennt / ſonder einer Vnholden zů⸗
276 848 1123 923 geſchrieben / vnd vngoͤttliche mittel geſucht
274 908 1121 969 wurden) voꝛhin gen Ammerfurt / ſo nicht
272 961 1118 1027 weit von jhrem ſitz gelegen / ein fart thaten /
272 1019 1118 1089 vnnd von dem Pfaffen daſelbſt / oder Sige⸗
271 1074 1118 1137 riſt (wenn ichs ſie anderſt noch recht einge⸗
271 1127 1118 1202 denck bin) vmb einen Schnaphanen weih⸗
272 1190 1115 1250 waſſer kaufften / welches als denn / als der
271 1242 1118 1312 gemein mañ gentzlich beredt war / der krafft
271 1300 1116 1362 ſein ſolt / daß es den grewlichen Vomitum
269 1353 1113 1417 vnd vnwillen erweckte . Denn je Gott der
267 1407 1111 1485 H E R R durch die finger zu ſolchem fatz⸗
267 1467 1115 1531 werck zůſicht / wo man von jhm vnnd ſeinen
266 1521 1111 1588 natuͤrlichē mitteln / ſo von jm dem Menſch⸗
264 1578 1103 1689 lichen geſchleche zu gůtem erſchaffen ſind /
905 1640 1105 1716 abweicht /
