1181 1997
301 119 1006 186 402Von verblendung der
301 179 1142 239 lermo anzogen / noch viel einen trawrigern /
299 232 1144 301 erſchroͤcklichern abgang einer Angliſchē vn⸗
299 286 1146 352 holden (wiewol es mich fuͤr ein maͤrlein an⸗
298 342 1141 414 ſicht / aber jedoch damit ſchimpff vnd ernſt /
298 404 1144 470 dariß denn alle ding / nach altgeſprochenem
294 457 1141 517 wort geredt / durch einander vermenget / vnd
294 509 1141 579 nach brauch der landfarendē Wuͤrtzkremern
298 565 1141 635 (ich het gern etwas anders geſagt) quid pro
296 620 1142 687 quo verkaufft werde: will ich dieſe Fabel
293 677 1141 752 oder Hiſtory / doch einer Fabeln ab dem
294 733 1139 807 angeſtcht geſchnitten / an einem fuͤrůber ge⸗
293 790 1137 857 hen anziehen vnd einfuͤren. Als auff ein zeis
294 847 1134 911 (ſchreibt er) ein Weibsbild ſo ein vnhold od
288 900 1137 973 warſagerein / zů Berheliaeinē Dorff in En⸗
289 965 1134 1033 gelland gaſterey hielt / hat ein kraͤe / die jr ſon⸗
288 1026 1134 1080 derbarer luft war / etwas / ich mag nit wiſſen
286 1076 1129 1141 wz / mit lauter ſtim / deñ ſie ſonſt gemeinlich
286 1126 1134 1199 pflegt / geſchrien. Vñ als gemeltes Weib ſol
283 1186 1132 1259 ihes gehoͤrt / iſt ſie von ſtundan in jrem ange
286 1248 1127 1313 ſicht als bleich als ein weiß gewaſchen thůch
283 1294 1129 1366 woidē / jfr auch / dieweil vnd gleich einē Aſpen
279 1351 1129 1426 laub zittert / dz meſſer auß den henden empfal
279 1412 1127 1479 len / vnd nach dem ſie etwan manchen tieffen
281 1464 1121 1536 ſeufftzen erholet / hat ſie letzlich diſe wort lauf
281 1522 1126 1589 fen laſſen: Auff heutigen tag / ja auff heutigē
278 1582 1117 1689 tagiſtmein pflag biß an die aller lepzts hiurch
1009 1645 1122 1707 kom⸗
