1173 1997
84 106 889 183 boͤſen Geiſter / Das V. Bůch. as
28 163 891 247 aber es was koſt vnd arbcit verlohren. Denn
29 226 886 302 in den zwo erſten naͤchten / als dz geſchwerm
29 279 879 359 der beſchoͤrnen gugelfrantzen ſange / on zweif
31 337 883 414 fel miit groͤſſer andacht / wie die Fiſcher vnd
31 394 884 460 Beckenbuben das Bonenlied / vmib den tod
28 452 883 527 ten coͤrpel her / ſindt die boͤſen geiſter mit groſ
31 504 884 575 ſer vngeſtuͤmigkeit / gleich einem geſchwader
34 564 891 632 ſchwartzer Reuter daher gerennt / die thuͤren
31 617 888 690 deß Tempels / ſo mit einem ſehr groſſen ri⸗
33 675 888 742 gel verſpert / auffgereñt / auch zwo ketten deß
36 733 891 802 ſarchs zerbrochen / wiewol die dritt / ſo in der
31 785 888 862 mitte / vnd etwas wercklichēr zugeruͤſt / oͤnuer
31 840 884 916 brochen bleib. Volgends in der drittē nacht /
33 900 888 965 als es vmib die zeit war / das die Hanen kraͤ⸗
31 955 884 1023 ten / gab es cin ſolches grauſams getoͤß / derē /
33 1015 884 1088 wie es ſich denn anſehen ließ / die ſich gegen
33 1068 883 1134 dem Cloͤſter neheten / das einer tauſendt eyd
39 1129 881 1198 geſthwoͤren hette / es wuͤrde das gantz geheuß
36 1184 883 1251 jugrund vnnd boden fallen. Einer aber auß
34 1238 886 1308 vorgemelten ſchwartzeñ Reutern / ſo viel ein
38 1293 886 1359 ſcheutzlichern ſchweinsbart hat / weder aber
36 1354 889 1422 die andern allſampt / auch von gliedmaß viel
38 1406 889 1472 lenger / hat die Kirchthuͤren vonn allen kref⸗
36 1464 889 1537 ten angerannt / auffgebroͤchen / vnd zu ſtuͤckē
39 1519 891 1594 zerſchmettert. Auch den aller nechſten den
41 1575 893 1660 rch zugelauffen. Vnd nach dem er der ab⸗
748 1637 889 1722 geſtor⸗
519 1650 603 1715 Sg
