1181 1997
284 106 992 183 4α6 Von verblendung der
284 161 1126 239 geſtorben mit jhrem nammen geruͤfft / auch
283 219 1127 294 daß ſie den aller nechſten ſich wider auffrich⸗
284 274 1134 349 tete gebotten / hat ſie mm mit dieſen worten ge
286 334 1136 406 antwortet: Das iſt mir von meiner banden
288 384 1141 464 wegen in keinen weg muͤglich. Darauff er
289 450 1141 519 herwiderumb geſprochen: Beit / beit mein
291 497 1144 575 baß du ſolt deiner banden / doch nicht on dei⸗
293 552 1141 637 nen groſſen nachteil / entledigt werden. Vnd
293 619 1144 688 als bald ohn einigen verzug / die vorgemelt
293 667 1139 738 mittel Ketten / ſo von den vordrigen ſchwartz
296 722 1141 805 henßlinen nicht mocht auffgeloͤßt werden /
298 780 1141 860 gleich einem liederlichen kuderſeil /zerriſſen /
294 840 1144 913 den decket mit dem fůß darab geſtoſſen / ſie
296 890 1146 965 bey der Hand erwiſcht / auffgericht / zu der
296 946 1142 1023 Kirchthuͤren gefuͤret / vñ auff ein kotſchwartz
298 1003 1144 1083 pferd / welchs eiſen negel allenthalben herfůͤr
304 1058 1142 1139 gehen hat / vnd ſtoltzer weiß winſſet / geſetzt /
299 1116 1149 1191 vnd auß aller vmbſtehender zůſehern augen
301 1169 1149 1249 hinweg gefuͤret hatt. Jedoch ſo hatt man
301 1228 1147 1298 vaſt auff vier meil wegs gehoͤrt jhr klegliche
301 1283 1149 1359 jemerliche ſtimm / darmit ſie vmb huͤlff ange
299 1337 1149 1421 ruͤfft hat. Pfeiff auff / das kan ſpeck abgehau⸗
301 1401 494 1472 wen ſein.
384 1441 1151 1512 Das die vnholden dnder die Retzer nit zů
301 1497 1151 1562 rechnen: Item das zwiſchen einer zůgebnen /
306 1544 1156 1602 verordneten hůt oder verwarung / vnd einem
306 1592 1154 1667 Vercker oder Gefencknuß ein groſſer vndet⸗
308 1642 498 1719 ſcheid ſey.
