1174 1997
59 113 852 183 boͤſen Geiſter / Das V. Bůch. 15.
284 176 594 241 Das V. Capitel.
143 232 864 301 Jeweil vnd aber die Hexen oder Vn⸗
93 291 862 364 2 / holden / wie man ſie deñ nennet / weibs
134 349 862 417 bilder ſind / eins betagten alters / von
19 406 857 469 natur Melancholiſch / nicht wol bey ſinnen /
19 464 862 530 leichtlich verzagt / ſchwaches vertrawens ge⸗
24 520 865 587 gen Gott: ſo iſt es zwar kein wunder / daß der
21 572 865 644 tauſendtliſtige Sathan ſich fuͤrther jnen we
23 635 867 690 der andern leuten zuͤgeſellet / ſich auch leicht⸗
21 690 869 753 licher in ſie verſchleichet / vnnd jhre gemuͤter
23 740 867 807 mit viel vnd mancherley phantaſtiſchen / vor
26 795 865 863 ſchwebenden bilderē / vnruͤwig macht: durch
24 855 867 920 welches teuffels geplaͤrꝛ vnd fatzwerck ſie der
23 906 865 976 maſſen verblendet werden / das ſie gentzlich
24 968 867 1033 vermeinen / auch verjehen vnd bekennen / daß
29 1020 867 1091 ſie gethan haben / das jnen aber zůthun in kei⸗
24 1075 860 1144 nen weg iſt muͤglich geweſt. Deñ es je gewiß
26 1131 862 1203 iſt / ſo wir anderſt ein ſcharpff fleiſſigs nach
26 1189 869 1251 trachten haben woͤllen / deren dingen halben
28 1244 862 1311 die dē teuffel muͤglich oder vnmuͤglich ſind /
28 1303 865 1364 vnnd welche man gemeinglich darfuͤr hal⸗
26 1357 870 1427 tet / daß ſie vonn dem Menſchen als ſeinen
26 1412 870 1484 inſtrumenten vnnd werckzeugen verbracht
29 1467 872 1532 werden: So wirt es ſich in der Warheit er⸗
28 1526 872 1595 finden / das ſolchs alles / was es ja iſt / vonn
28 1580 872 1662 dem Teuffel / ohn aller menſchen zůgethaner
536 1639 701 1729 Gg if
759 1637 857 1724 huͤlf
