1185 1997
108 119 898 189 boͤſen Geiſter / Das lll. Buch. 29
54 176 860 246 abweicht / vñ wider das außruckenlich ma
53 227 877 309 dat Gottes / Chriſtlichen glauben hinda
56 284 902 366 geſetzt / zů dem Teuffel vnnd ſeinen En⸗
58 341 903 417 glen laufft. Vnder welche Teuffels En⸗
58 399 902 479 gel billich alle die / ſo das Weihwaſſer / das
56 454 902 530 auß dem Tauffſtein geſchoͤpfft / oder ſelbſt
59 512 903 592 geſegnet haben / auch andere dergleichen ge⸗
56 569 903 640 weihete ding / zů dem end brauchen / daß der
59 624 905 703 falſch wohn von veruntreuwen der Hexen
58 682 902 763 bey leichtgleubigen leuten geſterckt werde /
59 742 466 818 billich gezelt werden.
111 798 908 878 Angezogene Giſtori zuuollenden / wirt an
63 853 907 918 eim fůrgehen / wie Dieſes Mägetlein vnd an⸗
61 905 908 966 dere durch den ſegen / ſo vonn den gefangnen
63 946 908 1016 Weibern vber ſie geſprochen / widerumb zu⸗
61 991 907 1061 recht bracht ſeyen worden / anzeigt / auch was
66 1036 910 1109 von ſolcher Benediction vnnd Segen zuhal⸗
64 1095 231 1161 ten ſeye.
309 1124 735 1198 Das Vierdte Capitel.
141 1181 912 1268 Ach dem nun voꝛgemeldte Weiblein
186 1243 903 1323 gefenglich angenommen / eingeſpert /
188 1304 907 1371 vnnd vber etlich tag fuͤrgeſtelt / ward
68 1354 905 1437 jhnen von Key. May. rath auffgelegt / daß
68 1414 915 1492 ſie die arbeitſeligen / vnd auff viel vnd man⸗
69 1474 918 1541 cherley weiß geplageten Leuth / dieweil ein
68 1529 918 1604 argwohn / daß ſie von jhnen veruntreuwet
71 1580 917 1670 tren / ſegneten / vnd das mit einer gewiſſen
720 1637 912 1715 fommula /
