1169 1997
84 106 875 188 boͤſen Geiſter / Das V. Bůch. 47
29 161 870 244 ler Vnbarmhertzigſten grauſammiſten mar
31 218 870 299 terer / die allerley vor nach vngebreuchliche/
34 272 875 361 ja vnerhoͤrte pein vnnd marter / den gluͤen⸗
34 329 882 409 den Ochſen deß Tyrannen Phalaridis / von
39 394 884 472 Perillo zugericht / vbertreffende / zůgebrau⸗
38 439 882 529 chen / wider alle menſchliche Natur / vber ſie
38 497 884 584 beſchicken. Wie denn (als klar am tag) an
39 554 887 634 vielen orthen (darinn man aber mehr grim⸗
41 615 889 697 miglich denn fuͤrſichtiglich handelt) in dem
43 665 887 752 brauch vnnd langwiriger gewonheit iſt. V⸗
43 723 889 802 ber dieſe gar zu grauſamen pein vnnd mar⸗
46 775 892 855 teriſt aber auch an eim fuͤr vber gehn zůmer⸗
49 833 890 920 cken / das zwiſchen einer Gefenckniß vnnd
51 895 894 976 verhuͤttunge vonn den erfahrnen der Rech⸗
53 948 894 1030 ten ein groſſer vnderſcheid geſtellet wirdt /
56 1011 900 1080 welche denn in keinen weg zůlaſſen noch ge⸗
59 1060 900 1146 ſtatten woͤllen / das die hůt oder verhuͤtung
59 1119 904 1203 der jhenigen ſo volgender tage vom Leben
63 1173 892 1256 zum todt gerichtet ſollen werden / einer ſtraff
68 1229 912 1314 gleichfoͤrmig ſeye / oder genennt moͤge wer⸗
64 1283 914 1362 den / wiewol es leider Gott der HErꝛ erbar⸗
68 1394 917 1477 vns Chriſten (die wir doch vnſers HERren
69 1451 915 1542 ſpruch Matthei am Siebenden wol wiſſen:
74 1507 914 1595 Selig ſind die barmhertzigen) kommen iſt /
74 1565 917 1660 man eben dieſe arbeitſeligen Leuth deren
799 1622 924 1690 leben
532 1627 729 1719 Sg iiij
