1173 1998
98 119 889 186 boͤſen Geiſter / Das V. Bůch. 47
48 174 891 246 leib habe / weder aber der Mann. Es meldet
49 229 893 298 weiters Plutarchus / es ſeye etwan ein gat⸗
49 286 889 356 tung Thibiorum in Ponto / vnd ſonft noch
48 344 894 411 viel andere / welche darbey zůerkennen / das in
51 401 896 466 einem aug zwen augapffel / im anderen eines
49 454 893 529 roſſes geſtalt haben. Vnd dieſe koͤnnen noch
49 517 894 577 moͤgen in keinem waſſer vndergehen oder zů
49 564 894 637 boden fallen / ob ſie gleich viel naſſe kleider
51 629 899 694 anhetten. Iſt nun ſolchs war / ſo muß es jnen
53 684 893 749 Auß heimlicher vnd vns verborgener vrſach
54 737 899 807 von natur an erboren ſein. Gleiches freuels
56 789 904 862 pñ aberglaubens iſt auch das experiment vn
56 844 906 914 die prob ſo im Malleo maleficarum geleſen
58 900 906 969 wirdt. An einem Soñtag ſo ſchmiren ſie die
61 957 908 1028 ſchuch oder ſtiffel der jungen geſellen wie deff
59 1013 908 1080 breuchig iſt / mit ſchmaͤr / vnd im fall das ſie
61 1070 909 1138 in die Kirchen hinein tretten / ſo iſt den Hex⸗
63 1130 909 1195 en in keinen weg muͤglich hinauß zůgehen /
64 1185 913 1262 es ſeyen denn dieſe jhre Speher vorhin hin⸗
66 1243 913 1315 auß / oder aber jhnen hinauß zůgehen / ein vr⸗
66 1303 916 1370 laub gegeben haben. Dieſem iſt nicht vn⸗
69 1356 916 1425 gleich / das / ſo an vielen orthen / wiewol es
69 1408 916 1483 ein Gottloſer handel iſt / gebrauchet wirdt /
73 1465 919 1538 die Hexen zůerkennen: So man nemlich voͤ
73 1521 918 1593 der Erden ſo die Hirten an einer begrebniß
76 1578 921 1674 zum drittēmal mit einer ſpatten in das grab
809 1633 928 1716 werf⸗
