1189 1996
274 113 995 177 a66 Von verblendung der
274 166 1117 239 werffen / ein ſtuͤcklein nimpt / daſſelb in der
273 222 1115 299 Meß verſegnen laſt / vnd auff der Kirchthuͤ⸗
268 279 1112 354 ren ſchwellen legt. Denn man gentzlich / wo
268 332 1115 402 ſolches beſchicht es darfuͤr halt / das es nicht
266 390 1115 465 můͤglich ſeye einer Vnholden hinauß zukom
266 447 1115 522 men. Deßgleichen iſt noch ein andre phanta
266 510 1117 578 ſey vnd ſtemponey: Man ſol eichen ſpen nem
266 560 1117 625 men vonn einem Galgen / oder ſonſt einem
264 617 1115 691 holtz daran ſich einer ſelbſt gehenckt habe / die
264 680 1114 741 ſelben mit weihwaſſer keſprengen / vnd vnder
266 730 1117 795 die Kirchenthuͤren legen / ſo wirt kein Hex o⸗
266 786 1114 854 der Vnhold / es ſey denn das man ſie vor hin
266 843 942 911 weg thue / herauß kommen moͤgen.
351 896 1114 963 Wie man ſich in erforſchunge eines MHa⸗
264 953 1114 1004 leficij oder veruntreuwens halren ſolle / vnnd
266 991 1114 1059 das man auff die bloſſe verjicht nicht fuzſen
271 1036 384 1097 ſolle.
519 1067 852 1136 Daevil. Capitel.
353 1126 1117 1195 2 Vn wil ſich aber gebuͤren / das man
284 1189 1104 1265 T hſich nach achaltener peinlicher frag,
386 1244 1117 1312 volgender regel / ſo nit betriglich brau
269 1299 1117 1363 che. Zum erſtē ſol man nach dē mißhandlun⸗
271 1357 1117 1425 gen / ſo die vnholden bekeñt vnd verjehen / ein
274 1413 1117 1478 fleiſſigs nachfragē haben / auch erkuͤndigen /
271 1470 1117 1536 weñ ſie ſich anderſt haben hoͤrn laſſen / wie ſie
271 1520 1112 1605 leut oder Viche geſchediget haben / ob doch
1044 1583 1119 1666 der
