1173 1998
64 113 879 184 boͤſen Geiſter / Das V. Bůch. 427
36 169 883 244 der ſach alſo oder nicht ſeye. Zum andern ſo
36 226 884 298 iſt auch zů erforſchen / mit was materien o⸗
38 284 884 352 der inſtrumenten vnnd werckzeugen ſie ſol⸗
38 341 886 409 ches zuwegen gebracht haben. Zum dritten /
38 397 889 466 ob auch ſolche materien / mittel vnd Werck⸗
39 447 891 529 zeug / ſolche werck zůuollbringen genugſam
41 506 889 577 ſeyen oder nichtē Darauff man deñ die Her⸗
38 567 889 634 ren Medicos / ſo vonn erkenntnis wegen na⸗
39 617 893 692 tuͤrlicher dingen / krefften / wirckungen vñ ei⸗
41 674 894 757 genſchafften / hoch verrhuͤmbt / rhatsbefraget
43 730 889 809 ſollen werden / wie deñ auch in anderen fůͤr⸗
44 787 893 864 fallenden ſachen / ſie belangende / nach auß⸗
44 845 896 914 weiſunge der geſetzen beſchehen ſolle. Denn
44 904 893 969 wie es ein gantz vngereimpter handel were /
48 954 891 1030 ſo ma auff eines Melancholiſchē menſchen /
46 1015 901 1083 oder der ſonſt nit vaſt wol bey ſinnen / bekeñt
46 1072 901 1140 niß vnd verjicht viel ſetzen wolte / alſo were es
46 1127 901 1200 noch vil ein vngereimbters das man auff ſol
48 1182 899 1250 cher verjicht hinaußfahrn / vñ einen ſententz
49 1237 899 1313 vnd ſtraff der ſelben gemeß fellen vnnd erge⸗
53 1298 903 1371 hen wolte laſſen / es were denn ſach das man
53 1353 903 1418 auß gewiſſen vmbſtenden vnd anzeigungen
56 1406 903 1483 ſchliſſen vnd abnemmen moͤchte das etwas
56 1460 904 1541 gifftwercks mitgelauffen / das iſt / entweders
56 1525 906 1595 zu trincken angebotten / angeſtrichen / oder
58 1573 909 1668 zu ſchmecken fuͤrgelegt were worden. Denn
848 1638 904 1696 es
