1199 1996
294 126 967 199 30 Von verblendung der
283 184 1127 254 foꝛmula / ſo mit diſen woꝛten concipiert war:
288 241 1122 314 Ich ſegne dich in dem nam̃en des Vatters /
283 297 1124 359 Sons vñ H. Geiſts / an allem deinem gůt /
279 350 1129 417 blůͤt vñ viehe / als ſie aber ſolchs thaten / war⸗
281 407 1125 472 den die krancken von ſtund an friſch vnd ge⸗
279 464 1125 535 ſund. Es ward auch dieſer ſegen vber jhrn ei⸗
279 520 1122 583 nen jeden / von deren geſprochen / welche er
278 578 1120 638 auß einblaſen des boͤſen Geiſts / im zieg hat /
278 632 1122 705 daß ſie jm ſolche kranckheit angethon hette.
276 685 1124 755 Damit nun den Leſer vnderlaſſne vnd nicht
278 741 1122 816 gar zum end gefuͤhrte Hiſtori nicht auffhal⸗
274 801 1120 868 te oder jrr mache / wil ich in dieſem Capitel
274 853 1120 926 kurtzlich etwas / das aber ſonſt eigentlich inn
274 909 1122 981 das volgendt Bůch gehoͤrt / einlaſſen. Da
276 968 1120 1037 galt nun bey meniglichen der gmein Canon:
278 1024 1119 1087 Welche einen jeden gebunden hat / eben die⸗
273 1077 1119 1146 ſelbige můſt jhn auch widerumb auffloͤſen⸗
279 1144 1117 1205 Wie vngereimet aber diſer ſpꝛuch ſeye / mag
274 1190 1117 1264 ſtu darauß / wie hernachfolgt / leichtlich ab⸗
274 1247 1115 1315 nemmen: Iſt ſie ein Hex oder Vnhold / ſo
271 1305 1115 1373 můß ſie mit dem boͤſen Geiſt etwas gemein⸗
273 1358 1115 1430 ſchafft vnnd ein buͤndtniß haben / mit wel⸗
273 1415 1114 1480 ches huͤlff ſie einen Menſchen grauwſam⸗
273 1480 1109 1543 lich / wie denn der gemein Mann beredt iſt /
273 1528 1112 1600 peinige / vnnd wenn es jhren gefellt / wider⸗
273 1581 1112 1663 umb abermals mit des Teuffels beyſtand
952 1641 1112 1719 daruon
