1189 1996
293 119 994 192 4s4 Von verblendung der
294 164 1144 249 meiſter / erregter Statt / auß dem Gerichts⸗
296 224 1142 301 buch zůgeſchickt) hie anzůziehen / auch ſonſt
298 284 1144 359 noch eines von mir ſelbſt erkuͤndigt / einzůfů⸗
294 334 1144 419 ren. Nun der ſach. Die erſte / bekannt vnd
298 397 1147 474 ſagte / wie daß ſie von Gott dem allmechti⸗
299 449 1145 530 gen abtruͤnnig / abfellig worden / vnnd dem
296 505 1147 582 Ttuffel durch vnterziehung des Herenwer⸗
296 558 1147 640 ckes ſich anhēgig gemacht / auch ein Frawen
299 615 1145 691 zů dem ſechſten mal ein todte frucht an das
294 671 1147 748 liecht zůbringen mit einem apffel / ſo offt ge⸗
294 728 1147 805 braucht / verurſacht hette. Vnd ſolches alles
296 783 1145 866 mit huͤlff vnd beiſtandt jres Bůͤlen / ſo Bern
296 846 1144 921 hart genannt. Weiter hat ſie bekennt vnd
298 896 1147 981 geſagt / wie daß ſie eines ehren Mañs (der a⸗
294 956 1144 1026 ber dieſes orts keinen nammen hat) Tochter
293 1007 1147 1089 mit einem trunck biers die mattē hinab / dem
296 1064 1140 1144 groſſen alten hauffen zů / gefertiget hab. So
296 1122 1142 1202 hab ſie auch vber das ein Fraw (welche auch
293 1180 1145 1254 nicht zůnennen) ſo zů beth lag / veruntrewet.
298 1234 1144 1317 Vndiſtalſo dieſes Weib / von ermelter ver⸗
293 1290 1140 1372 ſicht vndbekenntnuß wegen zů dem brandt /
291 1345 1142 1428 von einer Erſamen Oberkeit / verdamt vnd
289 1402 1139 1477 verurtheilt worden. Vñ zwar nicht on wich
289 1462 1144 1541 tige / rechtmaͤſſige / gnugſame vrſachen vnd
293 1516 1147 1596 fug / iſt es anderſt ſach /daß ſie in der warheit
293 1570 1147 1673 ermeldte miſſethaten begangen hat. Ach lie⸗
1065 1640 1144 1699 ber
