1189 1996
304 119 402 179 486
441 113 1010 176 Von verblendung der
308 167 1149 241 frieden iſt / leßt ſich Chriſtus hoͤren / der ißt
303 227 1147 287 wider mich: vnd wer nicht mit mir ſa flet /
304 279 1150 349 der zerſtrewet. Aber dem allē ſey wie jm woͤl⸗
304 340 1149 404 le / ſo moͤgen wir doch nach trewer warnung
304 397 1149 465 abſtehn / vnd die ſach verbeſſern. Derhalben
304 455 1150 520 was wolt doch je daruor ſein geweſen / wenn
303 505 1150 570 man voꝛ angezogene muter Adelheiten ernſt
303 560 1149 632 lich geſtraffet / beſchulden / vnd eiuen beſſern
304 628 1152 681 weg gewieſen hette / das ſie nicht zů jrer ſelbs
303 673 1152 740 eigenen arbeitſeligkeit erkenntnuß / vnd hie⸗
304 735 1150 795 rauff zů rechtgeſchaffener poͤnitentz vnd bůß
311 786 1152 854 fertigkeit ſich begeben hette. Das aber jhres
308 841 1154 904 Bulen teuffel Bernharts leibliche kammer⸗
306 894 1150 968 beiwonung / ſo ſie vnter anderem geſagt /
306 954 1154 1024 nichts anders denn ein lautere phantaſey / vñ
306 1014 1149 1082 in dem traum voꝛſchwebende grillen geweſt /
308 1066 1150 1139 iſt auß vorgehenden Buͤchern gnugſam an
308 1126 1149 1189 den tag vnd beigebracht wordē. Da deñ auß
308 1180 1154 1250 befelch diſe vnd ander dergleichen tauben vñ
311 1244 1152 1299 mucken / als die auß verrucktem dachſtůl her
311 1292 1154 1358 ſtieben / widerlegt ſind worden. Derhalben
313 1343 1152 1413 daß dieſer bekenntnuß nicht ſcy ſo leichtlich
316 1400 1152 1475 glauben zůgeben geweßt / augēſcheinlich iſt.
318 1462 1155 1526 Nun dz gehe hin. Vber das wer hat doch er⸗
314 1515 1155 1578 meltē bulerteuffel getaufft / vnd mit einē vn⸗
314 1570 1155 1658 ter Chriſtenleutē breuchlichen namen Bern
1067 1631 1154 1723 hart
