1178 1998
101 113 879 178 boͤſen Geiſter / Das V. Buch. 487
34 164 884 234 hart geneñt / weder ebē er ſich ſelber: Dieweil
33 226 878 288 vnd er jr ſolchen namen in jr verruckt gehoͤr
34 279 878 351 hinein geblaſen / vnd hiedurch die ellende vet⸗
29 334 874 404 tel / ſo an der ſach mancket vnd zweiffelt / inn
29 389 871 461 jrem aberglauben vnd falſchen wohn geſter⸗
28 446 874 521 cket hat. Es hat auch meins erachtens dz offt
28 501 873 571 ermelt ellend Weib von des Teuffels fatz⸗
26 559 873 627 wercks / vñ hiedurch jres verꝛuckten ſparꝛens
28 614 873 684 im kopff / mit keinem fug von dem leben zů
28 672 873 742 dem tod verurtheilt ſollen werden. Deñ vn⸗
26 727 869 800 ter anderm fuͤrwar nit muͤglich geweßt / daß
26 782 871 855 vorermelte frucht allein durch ein apffel (es
28 849 868 912 wer denn ſach daß etwan vergifftung mitge
24 895 866 962 lauffen) verderbt hab moͤgē werdē. Darum
26 952 869 1022 es deñ fleißiger nachbetrachtůg wol bedoͤꝛfft
26 1012 868 1077 hette. wie denn auch gleicher geſtalt man nit
28 1068 864 1137 hett ſollen alſo liderlich fuͤruͤber gehn laſſen /
26 1117 868 1192 ob doch das gifft / ſo doch die frucht in Mut⸗
23 1173 863 1243 ter leib zůuerderbē gericht / nit auch ſ ein krafft
23 1232 864 1300 vñ wirckung ſo weit erſtrecket / daß ſie auch d
24 1287 866 1353 Mutter zů theil hetten moͤgē werden. Der⸗
24 1343 864 1418 halbē man auff jr bloſſe / leppiſche vngereim
23 1408 864 1473 te / vnnd in kein weg glaubwuͤrdige verjicht
23 1456 856 1526 nicht ſolt gefůſt / vnd (wie man ſpricht) auff
23 1513 863 1595 des ſchleiffers lebkuchen hinaůß gefarē ſein.
718 1568 864 1656 Denn
529 1568 633 1655 iiij.
411 1570 504 1661 Hb
