<?xml version="1.0" encoding="UTF-8"  standalone="yes"?>
<PcGts xmlns="http://schema.primaresearch.org/PAGE/gts/pagecontent/2019-07-15" xmlns:xsi="http://www.w3.org/2001/XMLSchema-instance" xsi:schemaLocation="http://schema.primaresearch.org/PAGE/gts/pagecontent/2019-07-15 http://schema.primaresearch.org/PAGE/gts/pagecontent/2019-07-15/pagecontent.xsd">
  <Metadata externalRef="https://content.staatsbibliothek-berlin.de/dc/813172837-0508/full/full/0/default.jpg">
	<Creator>escriptorium</Creator>
	<Created>2023-03-06T11:57:57.204579+00:00</Created>
        <LastChange>2023-03-06T11:57:57.204595+00:00</LastChange>

  </Metadata>
  <Page imageFilename="507_7261a_default.jpg" imageWidth="1182" imageHeight="1996">

    
    <TextRegion id="eSc_textblock_ebd57b34"  >
      <Coords points="446,106 968,113 1003,159 1135,186 1142,1674 1122,1694 1043,1694 988,1641 273,1621 273,133 286,113 411,133 446,106"/>
      
      
      <TextLine id="eSc_line_1f3fe991" >
        <Coords points="361,124 344,121 327,119 317,118 283,118 278,123 279,158 279,174 326,166 371,172 372,154 367,124 361,124"/>
        <Baseline points="279,158 372,154"/>
        <TextEquiv>
          <Unicode>459</Unicode>
        </TextEquiv>
      </TextLine>

      
      
      <TextLine id="eSc_line_dca1eb3e" >
        <Coords points="965,114 922,114 922,113 918,111 912,111 895,111 879,111 862,111 845,111 829,109 812,109 795,109 794,109 774,111 770,109 762,109 745,109 735,109 729,113 717,109 712,109 695,108 679,108 662,108 645,108 629,108 612,108 595,108 582,108 544,111 531,106 529,106 512,106 496,106 479,106 462,106 446,106 429,116 412,128 409,128 397,158 396,163 471,174 472,174 474,174 494,166 967,174 970,161 968,116 965,114"/>
        <Baseline points="397,158 970,161"/>
        <TextEquiv>
          <Unicode>Von verblendung der</Unicode>
        </TextEquiv>
      </TextLine>

      
      
      <TextLine id="eSc_line_4fb0e4fc" >
        <Coords points="1123,182 1107,179 1090,176 1078,172 274,166 274,211 273,219 344,231 346,231 347,231 349,231 361,222 379,231 381,231 382,231 482,224 496,232 497,232 499,232 501,232 502,232 519,224 597,232 599,232 600,232 602,232 614,224 630,232 632,232 634,232 699,226 784,236 785,236 935,227 1095,237 1097,237 1098,237 1123,227 1125,219 1123,182 1123,182"/>
        <Baseline points="274,211 1125,219"/>
        <TextEquiv>
          <Unicode>Denn das iſt je gewiß vnnd vnwiderſprech⸗</Unicode>
        </TextEquiv>
      </TextLine>

      
      
      <TextLine id="eSc_line_69964a9e" >
        <Coords points="274,267 273,281 394,277 407,284 416,287 417,287 419,287 449,284 482,279 487,284 491,286 491,287 492,287 494,287 610,289 612,289 614,289 634,284 649,281 694,284 775,291 777,291 822,284 835,282 839,284 845,291 847,291 849,291 850,291 884,284 888,284 897,284 982,294 983,294 1122,284 1123,277 1120,222 1000,231 985,221 983,221 982,221 980,221 978,221 977,221 963,229 902,221 897,221 895,221 892,221 849,229 822,221 817,219 815,219 814,219 794,221 714,227 689,219 680,217 679,217 677,217 675,217 674,217 672,219 665,226 644,219 634,217 632,217 630,217 629,217 619,219 594,227 562,227 557,219 556,217 554,217 554,216 552,216 551,216 549,216 511,219 459,224 436,219 416,214 414,214 412,214 411,214 399,219 391,222 386,219 379,214 377,214 376,214 374,214 372,214 362,219 354,222 347,219 341,214 339,214 337,214 336,214 274,217 274,267"/>
        <Baseline points="274,267 1123,277"/>
        <TextEquiv>
          <Unicode>lich / daß es ſich offt zůtregt vnd begibt / daß</Unicode>
        </TextEquiv>
      </TextLine>

      
      
      <TextLine id="eSc_line_8608535c" >
        <Coords points="273,322 271,337 451,344 452,344 454,344 472,339 487,335 499,339 511,344 512,344 514,344 536,339 556,335 612,340 697,347 699,347 795,340 837,339 849,342 874,349 875,349 877,349 917,342 928,340 943,342 1008,350 1010,350 1122,342 1123,332 1120,281 704,284 679,281 644,274 642,274 640,274 639,274 632,281 629,284 564,284 504,281 314,271 312,271 311,271 286,277 273,322"/>
        <Baseline points="273,322 1123,332"/>
        <TextEquiv>
          <Unicode>das jenig / das auß Gottes des Allmechtigē /</Unicode>
        </TextEquiv>
      </TextLine>

      
      
      <TextLine id="eSc_line_b41a442e" >
        <Coords points="278,382 276,399 1127,395 1128,385 1127,340 278,337 278,382"/>
        <Baseline points="278,382 1128,385"/>
        <TextEquiv>
          <Unicode>gerechten / vnſtraͤflichen Richters heiligen</Unicode>
        </TextEquiv>
      </TextLine>

      
      
      <TextLine id="eSc_line_b036bfab" >
        <Coords points="273,435 271,445 414,455 416,455 467,450 482,449 486,450 497,459 499,459 501,459 502,459 504,459 506,459 517,450 521,450 629,450 654,454 699,460 997,462 998,462 1010,460 1050,454 1122,462 1125,442 1122,395 973,399 968,395 963,390 962,390 960,390 958,390 935,395 912,399 862,395 792,389 790,389 789,389 774,395 767,397 757,395 735,389 734,389 732,389 730,389 709,395 700,397 697,395 685,387 684,387 682,387 595,387 594,387 531,395 521,395 512,395 464,385 462,385 372,394 327,385 326,385 286,394 273,435"/>
        <Baseline points="273,435 1125,442"/>
        <TextEquiv>
          <Unicode>willen vnd heimlichen rhatſchlag abtrucket /</Unicode>
        </TextEquiv>
      </TextLine>

      
      
      <TextLine id="eSc_line_102ac445" >
        <Coords points="274,492 273,507 429,503 504,508 577,513 579,513 604,508 619,505 627,508 639,513 640,513 642,513 644,513 645,513 650,508 654,505 659,508 669,513 670,513 672,513 720,508 734,507 740,508 765,515 767,515 997,517 998,517 1000,517 1018,508 1038,517 1040,517 1042,517 1043,517 1045,517 1058,508 1112,517 1113,517 1115,517 1117,517 1128,507 1130,499 1128,455 1055,445 1053,445 1017,454 1013,454 992,454 792,445 790,445 722,452 709,452 705,452 680,442 679,442 677,442 675,442 674,442 660,450 659,450 567,442 566,442 522,450 517,450 514,450 491,440 489,440 487,440 274,447 274,492"/>
        <Baseline points="274,492 1130,499"/>
        <TextEquiv>
          <Unicode>oder dem Teuffel / als vnſers Herren Got⸗</Unicode>
        </TextEquiv>
      </TextLine>

      
      
      <TextLine id="eSc_line_749822ec" >
        <Coords points="274,547 273,565 1123,570 1127,557 1125,510 274,497 274,547"/>
        <Baseline points="274,547 1127,557"/>
        <TextEquiv>
          <Unicode>tes Nachrichter / erlaubt / ja befolhen wirt / ex</Unicode>
        </TextEquiv>
      </TextLine>

      
      
      <TextLine id="eSc_line_695b0e9f" >
        <Coords points="273,605 271,622 381,618 426,625 437,627 439,627 441,627 446,625 471,618 479,625 481,628 482,628 484,628 486,630 539,630 539,628 574,627 669,620 852,628 893,630 895,630 897,630 898,630 898,628 910,622 938,630 948,632 950,632 952,633 1067,633 1067,632 1068,632 1070,632 1070,630 1080,623 1120,630 1123,612 1120,562 912,567 825,562 747,557 745,557 717,562 699,565 692,562 677,555 675,555 674,555 615,562 599,563 597,562 587,555 586,555 584,555 582,555 581,555 566,562 556,562 344,553 342,553 284,562 273,605"/>
        <Baseline points="273,605 1123,612"/>
        <TextEquiv>
          <Unicode>der ſchendtlich henckersbůb einer vhralten /</Unicode>
        </TextEquiv>
      </TextLine>

      
      
      <TextLine id="eSc_line_b7d1c235" >
        <Coords points="273,660 271,678 1125,680 1128,668 1128,627 1048,617 1047,617 1003,625 1002,625 1000,625 990,615 988,615 987,615 985,615 983,615 982,615 970,625 910,625 884,625 882,623 785,612 784,612 782,612 760,622 724,612 722,612 720,612 719,612 699,622 650,613 649,613 647,613 625,622 614,612 614,610 612,610 610,610 609,610 499,620 421,608 419,608 284,618 273,660"/>
        <Baseline points="273,660 1128,668"/>
        <TextEquiv>
          <Unicode>wanwitzigen / Melancholiſchen vettlen der⸗</Unicode>
        </TextEquiv>
      </TextLine>

      
      
      <TextLine id="eSc_line_ea0249c3" >
        <Coords points="271,718 269,730 289,738 291,738 293,738 434,731 484,740 486,740 1127,735 1128,725 1128,680 962,670 960,670 958,670 935,678 933,678 932,678 917,668 915,668 913,668 912,668 910,668 892,676 807,668 805,668 804,668 802,668 802,670 794,676 794,678 729,678 719,676 659,666 657,666 574,675 566,675 557,675 486,665 484,665 482,665 481,665 469,673 446,665 444,665 442,665 271,671 271,718"/>
        <Baseline points="271,718 1128,725"/>
        <TextEquiv>
          <Unicode>maſſen / daß ſie tauſent eid ſchwuͤr ſie hett es</Unicode>
        </TextEquiv>
      </TextLine>

      
      
      <TextLine id="eSc_line_77aed225" >
        <Coords points="274,775 273,790 1123,796 1127,781 1127,740 1095,726 1093,726 1092,726 972,738 965,738 962,738 895,725 893,725 760,736 754,736 752,736 737,725 735,725 734,725 732,725 649,733 634,723 632,723 630,723 629,723 544,735 537,735 531,735 431,721 429,721 427,721 426,721 412,731 379,725 377,725 376,725 374,725 374,726 367,733 344,721 342,721 341,721 274,731 274,775"/>
        <Baseline points="274,775 1127,781"/>
        <TextEquiv>
          <Unicode>gethan / gantz tieff vnd ſtarck einbildet. So</Unicode>
        </TextEquiv>
      </TextLine>

      
      
      <TextLine id="eSc_line_6e80fe73" >
        <Coords points="274,828 273,841 1123,858 1127,839 1125,793 274,778 274,828"/>
        <Baseline points="274,828 1127,839"/>
        <TextEquiv>
          <Unicode>doch es (wenn man anderſt der ſach fleiſſtg</Unicode>
        </TextEquiv>
      </TextLine>

      
      
      <TextLine id="eSc_line_7acc9659" >
        <Coords points="274,884 273,893 820,908 822,908 1127,901 1128,893 1128,851 274,843 274,884"/>
        <Baseline points="274,884 1128,893"/>
        <TextEquiv>
          <Unicode>nachkommen wil) mehr denn hundert tau⸗</Unicode>
        </TextEquiv>
      </TextLine>

      
      
      <TextLine id="eSc_line_de400803" >
        <Coords points="1012,893 1010,893 1008,893 1007,893 972,903 962,904 952,903 928,896 927,896 925,896 885,901 849,904 822,899 785,891 784,891 745,898 730,899 717,896 695,891 694,891 692,891 690,891 689,891 689,893 684,896 677,904 642,904 630,894 627,891 625,891 624,891 622,891 594,894 534,901 481,891 466,889 464,889 454,891 404,901 274,888 274,943 273,958 1125,961 1128,948 1128,906 1107,896 1105,896 1103,896 1038,904 1030,904 1028,904 1013,893 1012,893"/>
        <Baseline points="274,943 1128,948"/>
        <TextEquiv>
          <Unicode>ſent meil dauon iſt. Gleicher geſtalt hat es</Unicode>
        </TextEquiv>
      </TextLine>

      
      
      <TextLine id="eSc_line_bc524ce5" >
        <Coords points="898,948 897,948 844,956 835,956 827,954 789,948 787,948 735,954 720,956 717,954 704,946 702,946 700,946 699,946 697,946 695,946 685,954 684,954 669,954 511,946 509,946 507,946 492,953 489,954 482,953 444,944 442,944 441,944 422,953 422,954 356,954 354,953 347,946 347,944 346,944 344,944 342,944 276,951 276,998 274,1016 1127,1021 1130,1004 1128,958 937,949 935,949 933,949 932,949 923,956 922,958 918,956 900,948 898,948"/>
        <Baseline points="276,998 1130,1004"/>
        <TextEquiv>
          <Unicode>ſich auch mit der Tochter N. gehalten / wel⸗</Unicode>
        </TextEquiv>
      </TextLine>

      
      
      <TextLine id="eSc_line_58751428" >
        <Coords points="278,1054 276,1074 1127,1074 1128,1061 1127,1016 278,1002 278,1054"/>
        <Baseline points="278,1054 1128,1061"/>
        <TextEquiv>
          <Unicode>che / als denn ein gaſſen vnd winckel gemuͤr⸗</Unicode>
        </TextEquiv>
      </TextLine>

      
      
      <TextLine id="eSc_line_c5d57d3c" >
        <Coords points="276,1109 274,1117 347,1127 349,1127 541,1124 612,1122 617,1126 624,1131 625,1131 627,1131 629,1131 677,1126 702,1124 1125,1134 1128,1117 1127,1074 978,1074 975,1072 953,1062 952,1062 950,1062 835,1071 820,1071 817,1071 785,1061 784,1061 782,1061 657,1069 640,1069 632,1069 582,1059 581,1059 476,1067 462,1067 461,1067 449,1057 447,1057 446,1057 444,1057 276,1064 276,1109"/>
        <Baseline points="276,1109 1128,1117"/>
        <TextEquiv>
          <Unicode>mel außgangen / durch einē trunck biers gen</Unicode>
        </TextEquiv>
      </TextLine>

      
      
      <TextLine id="eSc_line_ebff3952" >
        <Coords points="279,1167 278,1177 1128,1187 1132,1174 1132,1127 279,1114 279,1167"/>
        <Baseline points="279,1167 1132,1174"/>
        <TextEquiv>
          <Unicode>ſchoͤtz (wie man ſpricht) ſolt abgefertigt ſein.</Unicode>
        </TextEquiv>
      </TextLine>

      
      
      <TextLine id="eSc_line_53dde5c5" >
        <Coords points="952,1174 859,1177 790,1180 782,1175 775,1172 774,1172 772,1172 770,1172 617,1174 337,1175 274,1167 274,1222 273,1235 279,1240 281,1240 283,1240 284,1240 442,1234 614,1244 615,1244 1125,1239 1127,1230 1127,1184 953,1174 952,1174"/>
        <Baseline points="274,1222 1127,1230"/>
        <TextEquiv>
          <Unicode>Denn es wer warlich nicht uͤbel geſchworen</Unicode>
        </TextEquiv>
      </TextLine>

      
      
      <TextLine id="eSc_line_3b2c881e" >
        <Coords points="278,1277 276,1289 1127,1299 1130,1285 1130,1242 278,1234 278,1277"/>
        <Baseline points="278,1277 1130,1285"/>
        <TextEquiv>
          <Unicode>geweſen / wenn man eins gethan hette / pnnd</Unicode>
        </TextEquiv>
      </TextLine>

      
      
      <TextLine id="eSc_line_f2d3372d" >
        <Coords points="276,1332 274,1350 957,1350 965,1350 1027,1360 1028,1360 1128,1350 1130,1343 1128,1295 276,1287 276,1332"/>
        <Baseline points="276,1332 1130,1343"/>
        <TextEquiv>
          <Unicode>die Herrenartzet / ſo in jrer Facultet vñ kunſt</Unicode>
        </TextEquiv>
      </TextLine>

      
      
      <TextLine id="eSc_line_7ac9fdd1" >
        <Coords points="274,1388 273,1397 416,1412 417,1412 419,1412 442,1402 467,1412 469,1412 471,1412 472,1412 474,1412 491,1402 492,1402 630,1402 632,1403 642,1413 644,1413 645,1413 647,1413 690,1405 699,1403 700,1405 714,1415 715,1415 717,1415 719,1415 720,1415 722,1415 722,1413 730,1405 732,1405 744,1405 844,1417 845,1417 1127,1412 1128,1398 1125,1345 1022,1353 1010,1345 1008,1345 1007,1345 1005,1345 923,1352 910,1345 910,1343 908,1343 907,1343 905,1343 897,1345 859,1352 794,1352 787,1345 785,1343 785,1342 784,1342 782,1342 717,1342 715,1342 714,1342 712,1342 712,1343 710,1345 704,1350 677,1345 654,1340 652,1340 610,1345 571,1348 541,1345 501,1338 499,1338 274,1343 274,1388"/>
        <Baseline points="274,1388 1128,1398"/>
        <TextEquiv>
          <Unicode>wol geſtaffiert / ob der ſach angeſprochen vñ</Unicode>
        </TextEquiv>
      </TextLine>

      
      
      <TextLine id="eSc_line_1afe754e" >
        <Coords points="276,1443 274,1460 522,1460 529,1462 557,1470 559,1470 561,1470 649,1462 660,1462 665,1462 699,1472 700,1472 702,1472 822,1463 832,1463 839,1472 840,1472 840,1473 842,1473 844,1473 845,1473 945,1465 947,1465 982,1475 983,1475 985,1475 1125,1465 1127,1453 1125,1412 276,1402 276,1443"/>
        <Baseline points="276,1443 1127,1453"/>
        <TextEquiv>
          <Unicode>rhats gefragt hette:ob doch etwas in das bier</Unicode>
        </TextEquiv>
      </TextLine>

      
      
      <TextLine id="eSc_line_805f3276" >
        <Coords points="276,1500 274,1510 319,1520 321,1520 439,1515 456,1523 457,1523 459,1523 546,1516 567,1525 569,1525 571,1525 642,1516 702,1526 704,1526 705,1526 707,1526 717,1518 739,1526 740,1526 742,1526 814,1518 844,1528 845,1528 847,1528 985,1520 1008,1530 1010,1530 1012,1530 1128,1520 1130,1510 1128,1467 276,1457 276,1500"/>
        <Baseline points="276,1500 1130,1510"/>
        <TextEquiv>
          <Unicode>das den tod hette bringen moͤgen / vermiſchet</Unicode>
        </TextEquiv>
      </TextLine>

      
      
      <TextLine id="eSc_line_873fceda" >
        <Coords points="278,1556 276,1571 524,1571 541,1575 569,1580 571,1580 595,1575 610,1571 617,1575 624,1580 625,1580 627,1580 629,1580 660,1575 675,1573 679,1575 684,1580 684,1581 685,1581 687,1581 689,1581 759,1576 779,1575 782,1576 789,1583 790,1583 792,1583 794,1583 795,1583 822,1576 825,1576 834,1576 920,1585 922,1585 957,1578 963,1576 972,1578 1005,1586 1007,1586 1008,1586 1128,1578 1130,1568 1128,1523 884,1513 882,1513 880,1513 862,1520 857,1521 854,1520 845,1513 844,1513 842,1513 840,1513 719,1518 672,1520 665,1518 644,1510 642,1510 640,1510 639,1510 609,1516 602,1518 594,1516 552,1510 551,1510 452,1516 431,1516 422,1515 382,1506 381,1506 278,1513 278,1556"/>
        <Baseline points="278,1556 1130,1568"/>
        <TextEquiv>
          <Unicode>were oder nicht. Es wer auch zůthůn gewe⸗</Unicode>
        </TextEquiv>
      </TextLine>

      
      
      <TextLine id="eSc_line_ac4a14fe" >
        <Coords points="278,1616 276,1663 411,1666 412,1666 414,1666 431,1661 467,1648 484,1660 491,1666 492,1666 494,1666 496,1666 497,1666 511,1660 519,1668 521,1668 522,1668 524,1668 526,1668 552,1660 566,1655 577,1658 586,1661 587,1661 589,1661 591,1661 599,1658 614,1651 629,1658 639,1661 640,1661 642,1661 644,1661 645,1661 650,1658 660,1650 707,1653 709,1653 710,1653 712,1653 725,1645 754,1655 799,1671 800,1671 802,1671 804,1671 854,1653 875,1646 940,1646 948,1651 970,1666 972,1666 973,1666 975,1666 977,1666 978,1666 978,1664 985,1658 1007,1666 1008,1666 1010,1666 1012,1666 1013,1666 1035,1650 1037,1650 1123,1650 1125,1628 1122,1571 1028,1578 998,1570 997,1570 995,1570 993,1570 982,1570 882,1576 278,1566 278,1616"/>
        <Baseline points="278,1616 1125,1628"/>
        <TextEquiv>
          <Unicode>ſen/daß man nit mit wenigerm fleiß / durch</Unicode>
        </TextEquiv>
      </TextLine>

      
      
      <TextLine id="eSc_line_340da02d" >
        <Coords points="1120,1646 1088,1635 1087,1635 1085,1635 1083,1635 1043,1646 1033,1679 1033,1683 1033,1701 1128,1699 1128,1683 1127,1679 1120,1646"/>
        <Baseline points="1033,1683 1128,1683"/>
        <TextEquiv>
          <Unicode>wag</Unicode>
        </TextEquiv>
      </TextLine>

      
    </TextRegion>
    

    
  </Page>
</PcGts>
