1182 1996
293 108 993 179 400 Von verblendung der
294 169 1130 234 folge:ſondern der ſach etwas beſſer nachſin⸗
291 224 1132 287 ne / vnd vnterweilē die alte formulam / in wi⸗
291 281 1130 347 derfechtung ergangens / auch von ettlichen
288 334 1132 409 beſtaͤtigtē ſententzs (meinen G. Herren jren
286 397 1133 457 rechten on ſchaden) gebrauche. Nun von di⸗
288 447 1127 520 ſem auff diß mal auß anlaß gnug geredt: je⸗
288 505 1132 570 tzund woͤllen wir der andern vorangezognen
286 560 1128 628 hexenwercks verdachten / vnd verleumbdeten
286 617 1128 685 poͤcken / ſo eben auch an ermeltem ort zů dem
286 673 1130 741 brand verurteilt / bekañtnuß an die hand ne⸗
283 730 1125 796 men / vñ durch den probierſtein der warheit /
281 783 1125 854 (welcher denn nicht mehr deñ in zweier ſtein
279 841 1125 904 gruben graben wirdt / in Gottes wort nem⸗
278 898 1120 961 lich / vnd der natur / denn was man ſonſt auff
278 953 1125 1017 die ban bringt / iſt lauter gauckelwerck / ſo den
278 1007 1123 1077 ſtich nicht erleiden mag) was daruon zů⸗
278 1072 1123 1136 halten / erkuͤndigen. Es hatt aber dieſe erft⸗
276 1119 1118 1189 gemeldle Vnhold / nach gehaltner peinlicher
274 1174 1117 1247 frag / bekennt vnd verjehen / wie daß ſie / vnge
274 1232 1113 1305 fehr vor ſechß jaren / an einem morgē auß vr
273 1287 1117 1358 ſach erſchlagens / verzagtes můts jhren / wie
269 1345 1117 1413 man gewalt an ſie legt / ſtarck imaginiert vñ
269 1402 1115 1468 einbildet hab:ſey alsbald ein Mañsbild lau⸗
273 1457 1113 1530 ger gliedmaß vnd ſchoͤner geſtalt zů jr getret
266 1515 1112 1576 ten / mit ſchwartzem mantel ſampt anderem
269 1570 1112 1658 gewandt angethan.Welcher denu jvin jrem
930 1635 1105 1713 kummer
