1185 1997
101 106 893 179 boͤſen Geiſter / Das lll. Buch. 31
44 163 890 236 daruon erledige. So iſt ſie nun ein Diene⸗
38 221 887 289 rin / vnnd mit leib vnd ſeel deſſe / dem ſie ſich
41 279 885 351 ergaben vnnd ein pact eingegangen / gantz
39 332 883 406 ergeben / daher denn gůt abzunemmen iſt /
41 389 888 459 daß ein ſolche mit heiligen worten / ſie ſpre⸗
43 445 890 519 che es wie offt ſie woͤll / nichts ſonderbars
41 505 887 579 nimmermehr außrichten wirdt: Sondern
41 559 888 634 wenn ſolche wort etwas krafft vnnd wuͤr⸗
41 609 892 692 ckunge haben / werden ſie daſſelb auß Got⸗
43 670 890 748 tes krafft viel ehe erzeigen / wo ſie von getre⸗
44 723 892 802 wen Kirchendienern / oder ſonſt Gottsfoͤꝛch⸗
44 782 892 858 tigen Leuten / denn von denen / ſo Gott dem
46 835 892 906 HERRN abgeſagt haben / außgeſprochen
46 891 898 970 werden. Als der H E R R Chriſtus vom
48 950 895 1018 blinden vnd ſtum̃en einen Teuffel außgetri⸗
48 1008 895 1083 ben hat / vnnd von Schreibern vnd Phari⸗
49 1061 893 1134 ſeern gezigen warde / er tribe die Teuffel auß
49 1119 888 1189 durch jren oͤberſten / den Beelzebub nemlich /
51 1181 898 1253 hat er ſolche jhr leſterung mit dieſem Argu⸗
49 1229 900 1308 ment widerlegt? Wie kan ein Teuffel den
49 1288 897 1361 andern außtreiben? Vnnd wenn ein Reich
51 1351 900 1421 vnder jhm ſelbſt zertheilt iſt / mag es nicht
51 1399 902 1469 beſtehen: Deßgleichen auch kein hauß / ſo in
54 1456 900 1536 jhm ſelbs vneins iſt: So nun der Sathan
54 1511 903 1589 ſich wider ſich ſelbs aufflenete / wuͤrde es nit
54 1570 868 1657 beſtehen moͤgen / ſonder ein end nemmen.
787 1619 902 1710 Wer
