1178 1997
101 113 883 186 boͤſen Geiſter / Das V. Buch. 493
36 173 878 247 der farben fehig. Zů dem ſo hat er jhr auch
36 232 881 296 nit fein goldt / ſondern allein ein ſcheinende
39 284 878 359 geſtalt des goldes / ſie darmit am ſeil zufuͤrē /
34 341 881 414 angebotten:. Welches denn auch gleicher ge⸗
36 396 881 472 ſtalt mit der beywonung ergangen iſt. Vnd
36 454 886 522 vber das alles / ſo hat auch der liſtig fallant
34 510 886 584 nicht mehr denn mit euſſerlichen geberden
36 565 886 640 dergleichen gethan / als ob er jr den Chriſam
34 622 886 693 abneme: denn es ſey jha gleich hinder dem
34 683 883 750 Chriſma viel oder wenig krafft (daruon ich
33 735 883 808 denn jetzt nicht diſputieren wil) ſol dieſelbig
33 790 888 863 allein an der euſſerlichen application vnd an
36 847 884 921 ſtreichen gelegen ſein / vnd hergegen von we⸗
34 901 884 980 gen leibliches / euſſerlichs abweſchen oder ab⸗
36 956 886 1031 ſchaben / alle jhre wirckung widerumb verlie⸗
33 1023 886 1088 ren: ſo wirt fuͤrwar erfolgen / daß offtermeld
34 1071 886 1143 Chriſma vorlangeſt von dem waſſer / damit
34 1126 886 1201 ſie mehrmalen die ſtirn vnd gantzen leib ge⸗
33 1184 888 1254 reiniget / abgeweſchen vnd hingenomen wo⸗
34 1241 888 1308 den ſein. Aber es gibt vmb des H. Tauffs
31 1298 884 1366 krafft viel ein andern beſcheid / daß nemlich
33 1352 888 1426 die ſelbige nicht in euſſerlicher vnd leiblicher
34 1409 891 1481 abweſchung der vnſauberkeitē des leibs ſtan⸗
34 1474 889 1537 de / ſondern daran / daß die conſcientz mit dem
34 1522 889 1589 Herren Gott wol zůfrieden / gelegen ſeye.
39 1575 888 1667 euffiger widerlegung diſer vnd ande⸗
733 1639 893 1725 rer der⸗
