1182 1996
278 126 985 189 494 Von verblendung der
274 179 1117 246 rer dergleichen ſtempanien magſtu leſen im
278 239 1115 301 andern Buch am i8. 19.etc. capiteln. Es mag
274 292 1118 364 auch das verleugnen Gottes / ſeiner wuͤrdi⸗
276 349 1120 420 gen Mutter / vnd aller heiligen / ſo das wan⸗
274 407 1117 474 witzig Weiblein inn dem betruͤg ichen con⸗
273 462 1118 535 traet gethan / gar wenig verfahen. Ja wol
269 517 1115 590 ein anders / es were den jenigen / ſo mit jhren
274 572 1113 643 zůhandelen gchabt / zůgeſtanden / daß ſie jhre
271 630 1113 701 trewlich zůgeſprochen / vnnd auff ein beſſern
273 685 1107 758 weg gewieſen hetten: Damit vnd daß / nach
271 746 1107 813 dem jren die liſt des Teuffels entdeckt / durch
268 801 1107 863 rew vnd leid ſich mit der Chriſtenlichen Kir
268 853 1112 923 chen vnnd Gemeinde widerumb vereinbart
271 914 1108 979 hette. Denn iſt es nicht war ? Petrus der
266 966 1110 1036 theuwer Apoſtel / ob er gleich zůuor von dem
266 1021 1110 1096 Herren Chriſto gewarnet / ſo hat er doch ſol⸗
266 1079 1107 1149 ches vnangeſehen / in ſein trewen lieben Her
266 1134 1107 1202 ren / wiewol er der Seel vnnd des Leibs halb
263 1192 1105 1262 aller dingen wol bey jm ſelbs / zů dem dritten
261 1245 1100 1310 mal wider ſeiner eignen conſcientz zeugnuß /
259 1309 1102 1373 auch mit geſchwornem eid verleugnet: So
261 1360 1103 1425 doch der Herr jn von dieſer vrſach wegen ſo
263 1418 1103 1487 gar nit der augen ſeiner Barmhertzigkeit ent
263 1477 1100 1541 ſetzt vñ beraubt / daß er jn zů eim hirten ſeiner
259 1530 1103 1601 geliebtē Schaͤflein geſetzt vñ verordnet hat.
264 1586 1105 1668 lieber meine was iſß doch gemeiners / vñ
963 1643 1098 1721 (leider
