1173 1998
81 113 866 179 boͤſen Geiſter / Das V. Buch. 1os
23 169 863 243 (leider Gott erbams) das mehr vngeſtraffet
19 224 863 304 hindurch gehe (fuͤrnemlich bey den Italia⸗
19 291 861 351 nern / weñ es jnen / voꝛauß im woͤrffelſpil / nit
19 341 861 416 nach jrem gefallen abgeht) wed mit gottsle⸗
23 397 861 471 ſterlichen erſchroͤcklichen worten (darzů deñ
18 457 864 524 auch ddaum zwiſchen den zeig vñ mittelfin⸗
18 509 861 579 ger gelegt / vnd dz angeſicht gegen himel ge⸗
19 562 859 639 hebt) Gott vnd den Herren Chriſtů zů grof
23 621 861 695 ſer ſchmach vnd leſterung jres theuwren na⸗
18 689 858 745 mens / abnegieren vñ verleugnē? Es het auch
16 737 858 807 weiters zů der ſach gehoͤret / daß man ob doch
16 795 861 860 ein wenig hartz vnter das ermeldt gefaͤß ge⸗
16 849 864 920 legt die wirckung das bier zů geſchenden ge⸗
18 907 863 970 habt het / fleiſſiger erwegen hette. Deñ es wer
16 957 863 1025 den on allen zweiffel die jenigen / ſo der rech⸗
16 1013 863 1082 ten gruͤnden der Natur wol berichtet / leicht⸗
16 1068 863 1147 lich ermeſſen vnd abnemen moͤgen / daß des
16 1132 863 1193 biers corruption vnd geſchendung anderſt⸗
16 1188 861 1248 wo her denn von dem hartz jren vrſprung ge
18 1238 864 1312 habt wirdt haben. Vnd fuͤr das letſt / ſo iſt es
16 1295 863 1363 auch nit můͤglich geweſt / das weder des Fur⸗
16 1355 866 1425 mañs Fraw / noch das Kind mit bloſſen ver⸗
19 1411 863 1483 flůchungē verletzt wurd / es wer deñ ſach daß
19 1465 869 1535 hiemit etwas gifftwercks ( des aber hie keine
16 1520 868 1590 meldung geſchicht) mitgelauffen wer. Des
18 1575 871 1669 tten Weibs bekentnuß vñ verſicht lautet
783 1638 868 1703 wie
