1182 1996
296 113 1003 186 496Von verblendung der
294 167 1147 237 wie hernach folget. Zů Roterodam vnnd
296 226 1143 294 Scheidam / welche beide in Holand gelegē /
293 282 1143 350 begehet man ſich mehꝛtheils des Fiſchfangs⸗
294 342 1143 405 Ais nun auff ein zeit die Einwoner erneñter
294 397 1140 465 zweier Flecken hinauß auff den haͤringsfang
296 450 1142 525 ſchifften / iſt es den Roteꝛodamern gerhaten /
296 513 1145 580 den Scheidamern aber hat es grob gefehlet /
293 567 1143 633 denn ſie an ſtatt der Fiſchen ein groͤſſen hauf
294 618 1143 698 fen kißiingſtein herauß gezogen haben. Wel⸗
293 681 1147 741 chen jren vnfall ſie alſo baldt einer ver zaube⸗
293 731 1143 801 rung zůgeſchrieben habē. Derhalb den nech⸗
293 788 1143 864 ſien einer verdachten Frawen hand angelegt
293 844 1138 916 ward / welche auch bekañt / daß ſolches durch
293 904 1143 978 jr zauberkunſt geſchehen vnd zůwegē bracht
289 958 1135 1027 were. Vnnd das der geſtalt: Sie hette ſich
289 1016 1143 1082 durch ein kleines loͤchlein ein glaß ( welches
289 1067 1140 1146 ſie denn weiſet / ſo kaum der groͤſſe / daß ein
293 1124 1132 1200 finger dardurch gemoͤcht) dieweil ſie auff
289 1184 1142 1250 dem Fiſchfang waren / hindurch gefaren / vñ
289 1237 1140 1305 inn einer ſchalen des Fiſches / ſo bey vns ein
289 1295 1140 1370 Moſſelſcolp genennt / in das Meer hinab ge
289 1348 1135 1422 laſſen / vnd ſo lang / biß ſie die haͤring ſo ſich
293 1408 1138 1483 geſtellt angetroffen / fortgefaren. Daſelbſt
289 1462 1142 1531 mit jrem beſchweren die Haͤring auffgetrie⸗
289 1518 1138 1588 ben / verjagt / vnnd an jr ſtatt die kißlingſtein
293 1575 1140 1668 dahin gelegt. In dieſer bekenntnuß wer zum
1037 1631 1135 1701 aller
