1173 1998
91 113 881 184 boͤſen Geiſter / Das V. Buch. 407
28 164 876 246 aller erſten zů betrachten geweſen / ob auch
29 221 879 303 dem Teuffel muͤglich / ob er gleich alle ſeine
28 284 879 356 kuͤnſt vnd macht brauchte / durch ein loͤchlein
28 334 879 411 ſo kaum eines fingers groß / ein betagtē men⸗
28 397 879 471 ſchen hindurch zůͤbringen / dieweil vnnd der
29 451 876 526 Menſch nicht wie lufft / waſſer / vnd was den
24 504 874 586 gleichē / geartet iſt: ſonder auß bein / kroſplen /
26 561 878 639 neruen vnd andern harten ſtuͤcken zůſamen
26 617 879 700 geſetzt: Welche ſtuͤck / ob ſie gleich in ein fla⸗
24 677 873 755 tum oder dunſt reſoluiert / wurden ſie doch
26 734 874 812 vil eh das glaß zerſchmettert haben / denn vn
26 785 876 864 uerletzt hindurch getrungen. Zů dem andern
26 840 871 929 hette auch nachtrachtens bedoͤrffen / ob auch
23 900 874 975 muͤglich geweſen / das ein alt Weib mit ſol⸗
24 959 878 1038 cher menge kißlingſteinen inn eines Moſſel⸗
26 1010 876 1087 ſcolps ſchalen durch das Meer da hinab fa⸗
21 1070 876 1150 ren moͤgen. Aber was bedarff es doch viel
21 1128 874 1207 wort? Es iſt dieſe gantze bekanntnuß ſo lepe⸗
24 1180 874 1263 piſch / ſo vngereimpt / ſo vngehobelt / daß ein
23 1245 869 1320 jeder rechtuerſtendiger wol abnemen miag /
23 1295 873 1375 daß dieſe arbeitſelige vettel entweders in die
21 1350 869 1428 aberwitz gangen / oder von der Melancholey
21 1403 868 1490 vbereilet / oder aber ſunſt ander phantaſey vñ
19 1466 869 1546 einbildung vbel verletzet geweſen iſt: Oder
19 1518 866 1598 das noch gleublicher / daß ſie ein boͤſer Geiſtz
23 1575 869 1668 ſo jhr jungen geregiert / oder ſunſt auß jhren
714 1646 866 1726 geredt /
