1174 1996
266 119 960 199 49sVoi verblendung der
271 169 1110 256 geredt / beſeſfen habe. Nun es erdichten vor⸗
268 224 1109 311 angezogene Richter was gloſen vnnd auß⸗
269 282 1105 367 fluchten ſie jmmer woͤllen / werden ſie mich
266 339 1110 420 doch nimmer bereden / daß man in einer vn⸗
268 390 1112 470 brkañten ſach / vnd ſo wider alle natur ein ſo
268 449 1115 532 bluͤtigen ſententz fellen ſol. Vñ warumb ſolt
271 503 1117 593 ich aber nicht eh glauben / der Teuffe l hette
273 568 1115 647 die ſtein dahin getragen / dieweil ers wol ver⸗
274 618 1112 706 moͤgen hatt: (die Vngleubigen zů blenden /
274 673 1119 751 die Gleubigen zů probieren) denn das ellend
279 730 1120 813 Weiblein / ſo es nicht hat vermoͤgen? So a⸗
274 786 1119 871 ber jemandt ſprechen woͤlte / ſie habe ſolches
274 844 1117 928 mit des Teuffels huͤlff verbracht / ſage ich
274 903 1119 979 nein darzů. Denn es dem Teuffel / wenn er
276 949 1120 1036 es gleich tauſent mal vnterſtuͤnde / ein Weib
278 1009 1124 1099 durch ein kleines ſpeltlein hindurch zůbrin⸗
281 1064 1124 1156 gen nicht muͤglich wer / welches aber geſche⸗
279 1121 1127 1209 hen ſein ſie bekeůt hat. Dieweil nun das (Lie⸗
279 1179 1122 1262 ben Vetter) wie beigebracht ein grobe / vn⸗
283 1235 1120 1324 gereimpte lůge iſt / was ſol man denn auff
281 1292 1125 1373 andere dergleichen ſtempanien halten? Es
281 1345 1130 1430 moͤchten auß vielen Buͤchern / darinn von
283 1403 1125 1488 der Oberkeit allerhandt ſachen verzeichnet /
284 1462 1130 1548 viel ſolcher verjichten zůſamen getragē wer⸗
286 1513 1139 1606 dewwelche doch alle zůmal vnmůglich / vnge⸗
286 1576 1030 1671 reitht vnd lecherlich befunden werden.
989 1631 1132 1713 Etwe⸗
