1186 1997
276 133 966 206 d Von verblendung der
276 183 1121 261 dem vnd mit offentlichem vrtheil erkañt vñ
276 239 1121 322 beſchloſſen / daß ſie mit dem brandt vnd was
278 296 1116 379 darzů gehoͤrig vom leben zů dem todt gerich⸗
278 352 1124 437 tet werden ſolte / iſt ſie beſtendig auff der mei
279 407 1124 489 nung blieben / es ſey gentzlich vorgemeldte
279 464 1126 550 plag von jr vnd jrer Mutter den vorgeneñ⸗
278 519 1124 605 ten Kloſterfrewlein angethan worden / aber
279 580 1129 664 das koͤnne vnd moͤge ſie wol bey der warheit
281 632 1129 717 behalten / daß ſie nicht einer linſen groß des
283 690 1131 775 gekoͤchts jnen fuͤrgeſtellt vnnd zů eſſen ange⸗
281 745 1132 833 botten hab. Als ſie / wie denn die ſach zůgan⸗
284 803 1131 888 gen / befragt / hatt ſie geantwort / es ſey durch
281 860 1131 938 ein lautere imprecation vnd verflůchung ge
284 915 1129 1001 ſchehen. Vnd als ſie weiters befragt ward /
283 966 1134 1056 wie doch den arbeitſeligen Noͤnnlin geholf⸗
286 1028 1134 1114 fen werden moͤcht / gab ſie dieſen beſcheid: Es
286 1080 1137 1168 wurde dieſer kranckheit zuuor vnnd ehe ſie
283 1139 1137 1224 ſampt der Mutter in dem rauch gegen dem
288 1193 1136 1278 himmel geſchickt wuͤrde / nimmermehr we⸗
288 1248 1136 1341 der rhat noch huͤlff geſchehen moͤgen. Aber
286 1303 1139 1386 in ſumma ſummarum / was bedarff es viel
288 1361 1136 1447 wort / darumb iſt es von je zeiten her dē Teuf
289 1421 1136 1507 fel / als einem vrheber aller todtſchlagen / zů⸗
288 1472 1137 1564 thůn geweßt / daß vieler Menſchē blůt hauf⸗
288 1527 1141 1620 fechtig vergoſſen wuͤrd. Denn ob gleichwol
286 1585 1141 1687 dieſe beide / die Mutter nemlich ſampt der
956 1644 1137 1722 Tochter
