1193 1997
301 133 343 193 32
459 126 989 193 Von verblendung der
291 178 1123 244 Wer nit mit mir dꝛan iſt / deriſt wider mich /
289 236 1129 306 vnnd wer nicht mit mir ſamlet / der zerſtreu⸗
286 291 1129 357 wet. Vber das ſo iſt auch gewiß / daß Gott
286 352 1126 419 der HERR nicht wil / daß ſein ehꝛ / welche
284 406 1131 474 in dem ſtehet / daß etwar in ſeinem nammen
288 460 1128 530 geſund gemacht / vom Gottloſen gepriſen
283 517 1129 580 werde: wie Dauid der Koͤnigliche Prophet
284 572 1128 639 im 49. Pſalmen anzeigt: Zů dem Gottloſen
283 629 1126 695 aber ſpꝛicht der HERR: Warumb erzelſt
281 683 1126 755 du meine gerechtigkeiten / vnd nimpſt mein
281 740 1126 807 Teſtament inn deinen munde? dieweil du
279 795 1126 862 die zucht haſſeſt / vnnd meine wort zuruck
283 858 1123 916 wirffeſt / Deinen mund haſt du dem boͤſen
284 920 1126 983 ergeben / vnnd dein zungen trachtet liſt und
279 966 1126 1030 betrug. Daher iſt nun offenbar / das voꝛ⸗
281 1033 1126 1090 gemelte weiber / durch ſolche curation vnnd
276 1078 1128 1153 erledigung / nicht genůgſamlich moͤgē vber⸗
278 1138 1126 1206 zeugt werden / daß ſie an der arbeitſeligen
276 1189 1128 1261 Menſchen kranckheiten ſchuld tragen / der⸗
278 1246 1126 1314 halben auch der voꝛangezogen Canon in di⸗
276 1301 1126 1371 ſer ſach einen krach laſſen můß. Origenes
278 1362 1124 1424 ſpꝛicht gantz kom̃lich: Die Zaubrer koͤnnen
274 1414 1124 1477 nicht benedicere / das iſt / etwas ſegens vber
276 1476 1124 1542 ein ding ſprechen: dieweil die Teuffel nicht
274 1532 1124 1599 vermoͤgen benefacere / das iſt / etwas gůts
274 1580 1124 1664 wuͤrcken. Daß aber ſolche leut durch dieſe
863 1640 1124 1722 Benediction
