1182 1997
123 113 902 189 boͤſen Geiſter / Das V. Buch. oꝛ
54 164 898 247 Tochter dem Vulcano auffgeopffert wur⸗
54 224 897 304 den / ſo hat doch vorgemeldt grauſam ſpecta⸗
54 281 898 349 ckel nit vmb ein haar nach gelaſſen / ſondern
54 334 897 407 nach dem vnd fuͤr das erſt ein Meßpfaff ſein
54 392 898 462 heil an ihnen verſuchet / iſt nachmals erſt ein
54 445 895 524 blinder Teuffelbeſchwerer vber ſie geſtan⸗
54 505 898 575 den vnd ſein heil verſucht. Nun vermeint
53 564 898 640 menigklichen er hette die boͤſen Geiſter / von
54 619 898 690 welcher die offtermeldten Kloſterweiblein ſo
56 675 900 750 grauſam waren gepeinigt worden / allzůmal
54 728 895 797 mit gewalt außgetrieben / ſo aber ſie / die boͤß
58 783 893 862 hafften Geiſter / nicht mehr denn vornen her
61 837 897 918 ſich geſtellten / vnd dergleichen theten als ob
59 895 898 975 ſie den platz geraumbt hetten. Aber es war
56 951 900 1025 ein lauterer betrůg / denn einmal dieſe Teuf⸗
59 1006 902 1088 felſucht nicht allein an den Ordensfrauwen
58 1065 895 1136 nicht nachgelaſſen hatt / ſondern auch noch
58 1119 898 1199 weiters in andern Stetten vnd Flecken vm
61 1174 900 1259 ſich gegriffen. Alſo haben ſich nun / nach
59 1234 905 1303 dem vnnd vor genennten zwey Weiber im
58 1296 903 1364 rauch gen himmel geſchickt / die Vrſaͤcher
61 1344 908 1427 ſolcher kranckheiten herfuͤr gethan vnd zů er⸗
59 1399 907 1481 kennen gegeben. Ob aber ſolches von den
61 1456 910 1532 Teuffeln allein durch ſinnen / gedancken / vñ
63 1512 905 1595 fluchen zůwegen gebracht hab werden moͤ⸗
64 1567 907 1664 gen / das iſt vorhin im drittē Buch von vns
787 1625 907 1720 weit⸗
524 1630 670 1707 Ji ii
