1182 1997
111 113 895 188 boͤſen Geiſter / Das V. Buch. 703
54 163 895 239 vnd verhexen nichts anders denn ein lautere
56 218 895 299 phantaſey der alten Weibern ſey. Es reimē
58 269 895 356 ſich auch hieher die wort D. Hieronymi
56 332 897 409 Cardani nicht vbel welche denn / als er im
56 382 898 470 ſechtzehenden Buch de Varietate rerů von
61 439 893 522 Vnholden ſchreibt / auff ſolche weiß lauffen
53 494 892 584 leßt: Es ſein die Vnholden mehrtheils heß⸗
54 552 897 635 liche vngeſchaffne Weiber / bleicher farb / ſau
54 614 893 695 werſehen / vñ ſo gar in der melancholey (alſo
56 668 898 753 zůreden ) erſoffen / daß mans jnē auch fornen
56 722 898 808 her anſehen mag. Sie ſein auch vber das
53 777 900 860 mertheils ſtillſchweigēd / vñ eines verruckten
56 833 900 923 ſiñs / vnd zwar / ſo man jr eine oder mehr vn⸗
54 888 903 973 ter den beſeſſenē verluͤre / muͤſte man eben ein
63 943 902 1033 gůͤt liecht haben daß man ſie widerumb fin⸗
58 1005 903 1083 den / vnd vor den andern vnterſcheiden koͤn⸗
58 1056 902 1146 te. Imerzů ſtecken ſie tieff in jhrem falſchen
59 1114 902 1201 wohn / ſinnen vñ gedancken / auff welcher ſi
61 1169 905 1254 denn alſo ſteiff verharren / daß weñ jemands
58 1224 905 1316 allein auff jre bloſſen wort ein auffſehen ha⸗
61 1284 905 1364 ben wolt / dieweil ſie ſo gar mit vuuerzagtem
61 1347 903 1427 můt vnd hoͤchſter ſtandhafftigkeit / auch von
63 1399 907 1477 denen dingen die weder von je zeiten her ge⸗
64 1459 905 1539 weſen noch ſein moͤgen / reden: einer ein eyd⸗
68 1507 908 1595 ſchwuͤr ſie ſagtē die recht gruͤntliche warheit.
69 1564 903 1664 rhalben es kein wunder iſt daß hiedurch
814 1632 905 1699 den
534 1625 702 1710 Ji iitz
