<?xml version="1.0" encoding="UTF-8"  standalone="yes"?>
<PcGts xmlns="http://schema.primaresearch.org/PAGE/gts/pagecontent/2019-07-15" xmlns:xsi="http://www.w3.org/2001/XMLSchema-instance" xsi:schemaLocation="http://schema.primaresearch.org/PAGE/gts/pagecontent/2019-07-15 http://schema.primaresearch.org/PAGE/gts/pagecontent/2019-07-15/pagecontent.xsd">
  <Metadata externalRef="https://content.staatsbibliothek-berlin.de/dc/813172837-0524/full/full/0/default.jpg">
	<Creator>escriptorium</Creator>
	<Created>2023-03-06T11:57:57.589476+00:00</Created>
        <LastChange>2023-03-06T11:57:57.589492+00:00</LastChange>

  </Metadata>
  <Page imageFilename="523_6f879_default.jpg" imageWidth="1186" imageHeight="1997">

    
    <TextRegion id="eSc_textblock_e735a6e1"  >
      <Coords points="466,106 957,119 1012,173 1131,186 1124,1702 1032,1702 991,1655 266,1629 273,133 293,113 431,126 466,106"/>
      
      
      <TextLine id="eSc_line_8593505f" >
        <Coords points="962,126 924,126 922,124 911,118 911,118 894,118 877,116 867,116 854,123 851,124 849,123 826,114 811,114 806,114 794,123 782,114 777,114 761,113 744,113 727,113 711,113 694,111 677,111 661,111 644,109 634,109 612,119 566,108 561,108 544,108 528,108 523,106 509,111 476,106 461,108 444,116 428,124 411,123 394,123 378,121 361,119 344,118 343,116 289,116 278,126 278,159 276,164 294,174 296,174 298,174 404,166 416,166 448,166 734,179 736,179 779,171 782,171 786,171 842,181 844,181 972,173 974,168 971,134 962,126"/>
        <Baseline points="278,159 974,168"/>
        <TextEquiv>
          <Unicode>304 Von verblendung der</Unicode>
        </TextEquiv>
      </TextLine>

      
      
      <TextLine id="eSc_line_b9193e23" >
        <Coords points="1109,183 1092,181 1076,179 1059,178 996,173 994,173 992,173 966,179 959,181 956,179 946,171 946,169 944,169 942,169 941,169 884,178 869,179 864,178 842,168 841,168 839,168 801,176 792,178 791,176 779,166 777,166 776,166 774,166 772,166 749,174 706,164 694,164 629,173 616,174 601,173 539,163 526,163 521,163 513,171 511,171 506,171 431,163 429,163 389,169 384,169 383,169 376,163 376,161 374,161 373,161 371,161 276,166 276,213 274,222 351,224 351,226 359,232 359,234 361,234 363,234 364,234 414,227 419,227 421,227 443,236 444,236 446,236 561,232 602,231 614,234 634,239 636,239 637,239 659,234 669,232 679,236 697,241 699,241 701,241 781,237 857,236 1119,247 1122,229 1122,184 1109,183"/>
        <Baseline points="276,213 1122,229"/>
        <TextEquiv>
          <Unicode>den jenigen ſo der Philoſophi nicht berich⸗</Unicode>
        </TextEquiv>
      </TextLine>

      
      
      <TextLine id="eSc_line_3e1cabaf" >
        <Coords points="274,272 273,282 278,287 278,289 279,289 281,289 283,289 378,282 391,291 393,291 394,291 396,292 964,292 966,282 964,239 776,227 774,227 772,227 744,236 739,236 574,234 574,232 566,226 566,224 564,224 563,224 561,224 508,231 481,222 479,222 478,222 431,231 428,231 424,231 388,221 386,221 384,221 274,227 274,272"/>
        <Baseline points="274,272 966,282"/>
        <TextEquiv>
          <Unicode>tet / eins vber ein aug gegeben wirdt.</Unicode>
        </TextEquiv>
      </TextLine>

      
      
      <TextLine id="eSc_line_07b998f4" >
        <Coords points="931,282 882,289 861,291 832,287 784,281 782,281 752,286 731,289 704,284 681,281 679,281 654,284 621,287 607,282 594,277 593,277 591,277 548,281 503,286 496,281 494,279 494,277 493,277 491,277 331,277 331,331 329,342 536,342 551,344 594,352 596,352 597,352 599,352 607,346 611,344 696,344 702,346 729,354 731,354 732,354 831,346 847,346 866,347 991,357 992,357 1122,347 1124,341 1124,292 1099,284 1097,284 1096,284 1014,291 994,292 979,291 932,282 931,282"/>
        <Baseline points="331,331 1124,341"/>
        <TextEquiv>
          <Unicode>Daß aber dieſe arbeitſeligen Vetteln / ſo</Unicode>
        </TextEquiv>
      </TextLine>

      
      
      <TextLine id="eSc_line_070993e3" >
        <Coords points="273,386 271,392 1121,404 1124,396 1124,351 273,336 273,386"/>
        <Baseline points="273,386 1124,396"/>
        <TextEquiv>
          <Unicode>mnan Hexen oder Vnholden nennet / inn der</Unicode>
        </TextEquiv>
      </TextLine>

      
      
      <TextLine id="eSc_line_3e64188b" >
        <Coords points="717,392 716,392 714,392 702,401 701,401 669,392 667,392 666,392 624,399 616,392 616,391 614,391 612,391 611,391 493,397 476,397 474,397 464,389 458,389 441,389 424,389 419,387 274,392 274,439 273,447 368,459 369,459 371,459 394,452 846,467 847,467 1124,462 1126,454 1124,409 969,397 967,397 966,397 947,406 944,406 941,406 917,397 916,397 914,397 854,404 842,404 841,404 827,394 826,394 824,394 822,394 821,394 792,402 789,402 784,402 719,392 717,392"/>
        <Baseline points="274,439 1126,454"/>
        <TextEquiv>
          <Unicode>Melancholey biß vber die ohren ſtecken / das</Unicode>
        </TextEquiv>
      </TextLine>

      
      
      <TextLine id="eSc_line_02b4d955" >
        <Coords points="771,449 769,449 726,459 714,460 707,457 686,447 684,447 682,447 589,454 551,457 536,454 506,444 504,444 503,444 469,452 451,455 386,455 378,449 368,442 366,442 364,442 363,442 273,445 273,495 271,505 1119,522 1122,512 1122,467 1089,455 1087,455 1086,455 991,465 977,465 901,465 897,462 879,454 877,454 876,454 824,460 809,462 802,460 772,449 771,449"/>
        <Baseline points="273,495 1122,512"/>
        <TextEquiv>
          <Unicode>bezeugen viel wichtiger Argumenta. Fuͤr</Unicode>
        </TextEquiv>
      </TextLine>

      
      
      <TextLine id="eSc_line_0726dd7a" >
        <Coords points="1024,510 1016,517 1006,510 991,510 984,510 927,517 914,509 907,509 902,509 892,515 867,509 861,507 857,507 856,507 844,509 806,515 797,509 796,507 791,507 781,505 772,507 732,514 569,512 559,505 551,502 549,502 548,502 546,502 533,505 511,510 479,505 451,500 449,500 421,504 391,509 274,504 274,554 273,564 909,582 911,582 984,575 1021,584 1022,584 1024,584 1119,575 1121,567 1117,512 1046,519 1032,510 1024,510"/>
        <Baseline points="274,554 1121,567"/>
        <TextEquiv>
          <Unicode>das erſt / das Regiment deſſen ſie ſich in ſpeiß</Unicode>
        </TextEquiv>
      </TextLine>

      
      
      <TextLine id="eSc_line_d78b92c8" >
        <Coords points="273,615 558,630 559,632 1122,632 1124,622 1121,570 1089,579 1067,570 1066,570 1064,570 1062,570 1039,579 986,570 984,570 937,577 812,565 811,565 674,572 657,562 656,562 654,562 652,562 651,562 634,570 469,559 464,559 463,559 461,559 406,567 336,557 334,557 333,557 309,565 276,555 274,607 273,615"/>
        <Baseline points="274,607 1124,622"/>
        <TextEquiv>
          <Unicode>vnd tranck gebrauchen. Fuͤr das ander des</Unicode>
        </TextEquiv>
      </TextLine>

      
      
      <TextLine id="eSc_line_a3ab05f6" >
        <Coords points="909,619 907,619 891,619 874,619 869,619 867,619 866,619 864,619 864,620 861,622 854,629 834,622 827,620 826,620 824,620 812,622 782,627 766,620 754,617 752,617 751,617 749,617 736,620 707,627 616,627 601,617 593,614 591,614 589,614 559,617 506,624 494,615 491,612 489,612 488,612 486,612 456,615 393,622 374,614 368,610 366,610 364,610 346,612 311,619 274,612 274,667 273,677 1122,688 1126,680 1122,629 924,630 916,624 911,620 911,619 909,619"/>
        <Baseline points="274,667 1126,680"/>
        <TextEquiv>
          <Unicode>luffts qualitet vñ eigenſchafft. Fuͤr das dritt</Unicode>
        </TextEquiv>
      </TextLine>

      
      
      <TextLine id="eSc_line_2664cc04" >
        <Coords points="1031,680 1029,680 1027,680 891,687 869,687 864,685 832,677 831,677 829,677 734,683 722,683 717,683 672,673 671,673 669,673 641,682 639,682 637,682 617,673 607,673 602,672 561,680 556,680 554,680 538,672 536,672 534,672 464,678 454,678 453,678 444,670 441,670 431,670 408,677 399,670 391,670 379,668 274,673 274,720 273,738 681,738 689,742 706,748 707,748 709,748 769,742 781,742 784,742 802,750 804,750 806,750 949,745 962,753 964,753 966,753 967,753 1032,745 1036,745 1037,745 1059,755 1061,755 1062,755 1121,745 1122,737 1122,692 1059,682 1057,682 1056,682 1041,690 1034,682 1032,682 1032,680 1031,680"/>
        <Baseline points="274,720 1122,737"/>
        <TextEquiv>
          <Unicode>fres Leibs / vnd iñſonderheit jhres angeſichts</Unicode>
        </TextEquiv>
      </TextLine>

      
      
      <TextLine id="eSc_line_6e36b655" >
        <Coords points="273,778 271,793 378,790 474,797 551,802 553,802 554,802 571,797 584,793 589,797 594,802 596,802 597,802 599,802 699,797 726,797 746,797 844,805 846,805 847,805 862,798 886,807 887,807 889,807 974,798 981,798 987,798 1097,808 1099,808 1101,808 1126,798 1127,790 1127,747 273,732 273,778"/>
        <Baseline points="273,778 1127,790"/>
        <TextEquiv>
          <Unicode>form vnnd geſtalt. Zum vierdten / die wort</Unicode>
        </TextEquiv>
      </TextLine>

      
      
      <TextLine id="eSc_line_1d19b1eb" >
        <Coords points="819,787 817,787 794,793 784,797 777,793 762,787 761,787 759,787 691,792 641,795 621,790 596,783 594,783 593,783 566,788 546,793 538,788 531,783 529,783 528,783 526,783 498,787 468,792 456,787 446,782 444,782 443,782 273,782 273,835 271,843 319,853 321,853 391,847 396,853 398,853 398,855 399,855 401,855 403,855 509,848 511,848 516,855 518,855 518,857 519,857 521,857 523,858 1124,858 1126,847 1126,800 1092,792 1091,792 1089,792 1022,798 1006,800 1001,798 981,790 979,790 977,790 909,797 884,798 866,795 821,787 819,787"/>
        <Baseline points="273,835 1126,847"/>
        <TextEquiv>
          <Unicode>die ſie hoͤren laſſen / welche denn mchrthcils</Unicode>
        </TextEquiv>
      </TextLine>

      
      
      <TextLine id="eSc_line_7e560f8c" >
        <Coords points="1124,858 874,845 872,845 871,845 836,855 834,855 811,845 809,845 807,845 806,845 804,845 789,855 787,855 701,855 701,853 691,845 691,843 689,843 687,843 631,842 629,842 541,852 533,852 531,852 519,842 519,840 518,840 516,840 394,838 393,838 273,847 273,891 271,900 336,910 338,910 393,903 411,911 413,911 414,911 509,905 511,905 516,911 518,911 518,913 519,913 521,913 523,915 1126,915 1127,903 1126,873 1124,858"/>
        <Baseline points="273,891 1127,903"/>
        <TextEquiv>
          <Unicode>vngeſchickt / vnd zů dē vnmuͤglich ſein. Zum</Unicode>
        </TextEquiv>
      </TextLine>

      
      
      <TextLine id="eSc_line_8394d831" >
        <Coords points="967,901 966,901 964,901 937,910 936,910 914,901 912,901 911,901 909,901 907,901 899,910 897,910 882,910 771,900 769,900 726,906 724,906 702,898 701,898 699,898 652,906 647,906 646,906 637,898 637,896 627,896 619,905 594,896 593,896 591,896 488,903 486,903 478,896 478,895 476,895 474,895 473,895 429,903 424,903 421,903 398,893 389,893 273,900 273,946 271,960 1122,968 1126,958 1126,913 1011,913 1004,911 969,901 967,901"/>
        <Baseline points="273,946 1126,958"/>
        <TextEquiv>
          <Unicode>fuͤnfften / das ſie zwiſchen dem vnd ſie mit je⸗</Unicode>
        </TextEquiv>
      </TextLine>

      
      
      <TextLine id="eSc_line_70e526ff" >
        <Coords points="268,1003 266,1011 1124,1023 1127,1015 1127,970 836,958 834,958 772,965 761,965 757,963 736,956 734,956 732,956 656,963 642,963 641,963 629,955 627,955 626,955 624,955 556,961 548,961 543,961 514,953 513,953 511,953 429,960 418,960 414,960 393,951 391,951 389,951 268,956 268,1003"/>
        <Baseline points="268,1003 1127,1015"/>
        <TextEquiv>
          <Unicode>mandt reden / nicht minders denn ein Schů</Unicode>
        </TextEquiv>
      </TextLine>

      
      
      <TextLine id="eSc_line_41245b8a" >
        <Coords points="266,1058 264,1068 388,1080 389,1080 493,1073 508,1073 509,1073 521,1081 523,1081 524,1081 526,1081 528,1081 548,1075 549,1075 1117,1085 1121,1070 1121,1023 266,1008 266,1058"/>
        <Baseline points="266,1058 1121,1070"/>
        <TextEquiv>
          <Unicode>macher ſo ſich des marckts verſaumpt hat /</Unicode>
        </TextEquiv>
      </TextLine>

      
      
      <TextLine id="eSc_line_987c9644" >
        <Coords points="521,1063 519,1063 518,1063 461,1070 441,1071 419,1070 353,1060 351,1060 268,1066 268,1111 266,1128 1122,1141 1126,1128 1126,1078 991,1073 989,1073 987,1073 977,1075 954,1081 929,1075 916,1071 914,1071 912,1071 911,1071 902,1075 889,1080 854,1075 826,1070 824,1070 804,1073 782,1078 739,1073 687,1066 686,1066 641,1071 612,1075 588,1071 551,1065 549,1065 548,1065 533,1070 529,1071 529,1070 523,1065 523,1063 521,1063"/>
        <Baseline points="268,1111 1126,1128"/>
        <TextEquiv>
          <Unicode>vber die maß ſauwer ſehen. Vnd vber das</Unicode>
        </TextEquiv>
      </TextLine>

      
      
      <TextLine id="eSc_line_bd0197d1" >
        <Coords points="268,1139 268,1169 266,1176 436,1189 438,1189 481,1183 692,1194 694,1194 1116,1193 1117,1186 1116,1131 1056,1139 1037,1129 1032,1128 1031,1128 1029,1128 1017,1129 981,1138 939,1129 921,1126 919,1126 917,1126 911,1129 894,1136 822,1129 794,1126 792,1126 757,1128 696,1133 666,1128 629,1121 627,1121 566,1128 538,1129 528,1126 499,1118 498,1118 496,1118 451,1124 386,1116 384,1116 383,1116 381,1116 369,1124 354,1114 353,1114 351,1114 349,1114 276,1124 268,1139"/>
        <Baseline points="268,1169 1117,1186"/>
        <TextEquiv>
          <Unicode>alles ſo ſtimet auch zů ein wunderbare ſach /</Unicode>
        </TextEquiv>
      </TextLine>

      
      
      <TextLine id="eSc_line_4e366ffd" >
        <Coords points="884,1183 852,1188 822,1191 801,1186 774,1181 772,1181 746,1186 729,1189 691,1186 622,1179 621,1179 619,1179 599,1186 589,1188 576,1186 538,1178 536,1178 494,1184 486,1186 483,1184 464,1176 463,1176 461,1176 396,1184 393,1184 391,1184 378,1174 376,1174 374,1174 373,1174 279,1183 269,1208 268,1226 266,1239 364,1238 396,1243 423,1248 424,1248 426,1248 428,1248 434,1243 441,1239 469,1244 506,1249 508,1249 544,1244 573,1241 591,1244 614,1251 616,1251 617,1251 659,1246 684,1243 691,1246 704,1253 706,1253 707,1253 832,1248 876,1246 884,1248 909,1256 911,1256 912,1256 994,1249 1014,1248 1017,1249 1036,1258 1037,1258 1039,1258 1122,1249 1124,1239 1122,1189 1019,1194 941,1188 886,1183 884,1183"/>
        <Baseline points="268,1226 1124,1239"/>
        <TextEquiv>
          <Unicode>welche zun zeiten Philippi des Vitzgrauen</Unicode>
        </TextEquiv>
      </TextLine>

      
      
      <TextLine id="eSc_line_973cfa9e" >
        <Coords points="1119,1249 1079,1239 1077,1239 1076,1239 1022,1251 1016,1251 1007,1249 954,1241 952,1241 911,1248 902,1249 899,1248 879,1239 877,1239 876,1239 701,1244 636,1246 622,1243 583,1233 581,1233 579,1233 578,1233 556,1241 473,1234 471,1234 469,1234 468,1234 461,1241 459,1241 458,1241 448,1231 446,1231 444,1231 443,1231 441,1231 418,1239 416,1239 384,1229 383,1229 381,1229 268,1236 268,1286 266,1296 388,1296 398,1298 424,1306 426,1306 428,1306 429,1306 431,1306 431,1304 438,1299 439,1298 508,1298 509,1299 518,1306 518,1308 519,1308 521,1308 523,1308 579,1299 588,1299 594,1299 634,1309 636,1309 736,1301 747,1301 749,1301 762,1311 764,1311 766,1311 767,1311 822,1303 824,1303 826,1303 879,1313 881,1313 984,1304 986,1304 987,1304 1026,1314 1027,1314 1029,1314 1124,1304 1126,1298 1126,1284 1119,1249"/>
        <Baseline points="268,1286 1126,1298"/>
        <TextEquiv>
          <Unicode>zů Merlandt / ſich zůgetragen hatt / welche</Unicode>
        </TextEquiv>
      </TextLine>

      
      
      <TextLine id="eSc_line_42e923fe" >
        <Coords points="1067,1298 1024,1306 1016,1306 1007,1304 952,1296 951,1296 797,1301 759,1303 729,1301 634,1293 632,1293 554,1298 529,1299 526,1298 519,1291 518,1291 503,1289 268,1293 268,1339 266,1349 1121,1364 1124,1351 1122,1308 1069,1298 1067,1298"/>
        <Baseline points="268,1339 1124,1351"/>
        <TextEquiv>
          <Unicode>denn / wie ich etwan von meinem Vatter be⸗</Unicode>
        </TextEquiv>
      </TextLine>

      
      
      <TextLine id="eSc_line_4bda1e2e" >
        <Coords points="266,1396 264,1411 546,1411 637,1416 741,1422 742,1422 806,1417 831,1416 832,1417 836,1422 837,1422 837,1424 839,1424 841,1424 842,1424 912,1419 927,1417 931,1419 941,1426 942,1426 944,1426 946,1426 1017,1419 1022,1419 1024,1419 1032,1427 1034,1427 1036,1427 1037,1427 1119,1419 1121,1411 1121,1364 1091,1356 1089,1356 1087,1356 874,1361 849,1361 847,1361 839,1352 839,1351 837,1351 836,1351 834,1351 832,1351 807,1359 799,1351 797,1351 796,1351 794,1351 711,1357 701,1349 699,1349 697,1349 696,1349 652,1357 646,1357 632,1356 551,1347 549,1347 471,1354 459,1354 458,1354 446,1344 444,1344 443,1344 441,1344 266,1349 266,1396"/>
        <Baseline points="266,1396 1121,1411"/>
        <TextEquiv>
          <Unicode>richtet bin worden / der geſtalt ergangen iſt:</Unicode>
        </TextEquiv>
      </TextLine>

      
      
      <TextLine id="eSc_line_0aaebb0b" >
        <Coords points="1102,1411 1099,1411 1081,1417 1076,1419 1057,1417 1006,1411 1004,1411 922,1416 881,1417 859,1414 802,1406 801,1406 799,1406 779,1414 774,1416 767,1414 749,1406 747,1406 746,1406 666,1412 632,1414 588,1414 584,1411 576,1402 574,1402 573,1402 571,1402 569,1402 539,1411 529,1412 526,1411 514,1401 513,1401 511,1401 509,1401 451,1409 436,1411 426,1409 391,1399 389,1399 388,1399 269,1406 269,1452 268,1462 1116,1472 1119,1464 1119,1416 1112,1411 1102,1411"/>
        <Baseline points="269,1452 1119,1464"/>
        <TextEquiv>
          <Unicode>Auff ein zeit iſt etwan ein Bauwersmann /</Unicode>
        </TextEquiv>
      </TextLine>

      
      
      <TextLine id="eSc_line_7f55d419" >
        <Coords points="779,1461 714,1467 696,1469 659,1467 539,1457 534,1457 518,1457 513,1456 491,1462 484,1464 356,1464 351,1461 344,1454 334,1454 319,1454 268,1457 268,1506 266,1514 523,1531 524,1531 691,1524 711,1534 712,1534 829,1536 831,1536 832,1536 849,1527 862,1537 864,1537 866,1537 867,1537 934,1529 1056,1541 1057,1541 1121,1531 1122,1522 1122,1477 1024,1466 1022,1466 987,1474 986,1474 984,1474 977,1467 977,1466 976,1466 974,1466 972,1466 926,1472 922,1472 911,1464 909,1464 907,1464 781,1461 779,1461"/>
        <Baseline points="268,1506 1122,1522"/>
        <TextEquiv>
          <Unicode>mit namen Gernhart / dieſer ſchendtlichen</Unicode>
        </TextEquiv>
      </TextLine>

      
      
      <TextLine id="eSc_line_7b8c78c5" >
        <Coords points="1001,1521 999,1521 997,1521 799,1527 771,1527 762,1527 711,1517 709,1517 646,1526 636,1526 626,1524 568,1516 566,1516 564,1516 543,1524 539,1524 524,1524 389,1512 388,1512 268,1519 268,1564 266,1572 389,1584 391,1585 1122,1585 1124,1575 1122,1532 1021,1532 1017,1531 1002,1521 1001,1521"/>
        <Baseline points="268,1564 1124,1575"/>
        <TextEquiv>
          <Unicode>kunſt halben condemniert vñ verdampt wor⸗</Unicode>
        </TextEquiv>
      </TextLine>

      
      
      <TextLine id="eSc_line_5003b843" >
        <Coords points="269,1625 268,1640 399,1659 401,1659 403,1659 426,1645 444,1659 446,1659 448,1659 449,1659 451,1659 484,1647 509,1657 511,1657 513,1657 514,1657 543,1647 622,1647 656,1662 657,1662 659,1662 719,1649 752,1664 754,1664 756,1664 821,1650 847,1664 849,1664 851,1664 852,1664 871,1657 997,1667 999,1667 1001,1667 1046,1654 1117,1654 1119,1637 1116,1579 999,1587 966,1577 964,1577 962,1577 961,1577 894,1585 879,1575 877,1575 876,1575 874,1575 864,1575 756,1584 721,1574 719,1574 717,1574 716,1574 707,1574 639,1582 632,1574 631,1574 631,1572 629,1572 627,1572 626,1572 609,1574 526,1580 473,1572 461,1570 459,1570 448,1572 393,1579 269,1570 269,1625"/>
        <Baseline points="269,1625 1119,1637"/>
        <TextEquiv>
          <Unicode>den / welcher aber ſonſt ein einfeltig/ dapffer /</Unicode>
        </TextEquiv>
      </TextLine>

      
      
      <TextLine id="eSc_line_af99f5b8" >
        <Coords points="1032,1695 1032,1709 1119,1705 1119,1692 1114,1640 1029,1645 1032,1695"/>
        <Baseline points="1032,1695 1119,1692"/>
        <TextEquiv>
          <Unicode>vnd</Unicode>
        </TextEquiv>
      </TextLine>

      
    </TextRegion>
    

    
  </Page>
</PcGts>
