1186 1997
301 136 393 186 gos
414 126 996 184 Von verblendung der
294 176 1141 247 weib (als es ſich anſehen lieſſe) erblicket hat.
296 234 1141 301 Als er aber auff ſolches widerumb heim koͤ⸗
296 291 1144 364 men / hat er ſeine geſt ſampt der Frauwen vn
294 351 1146 411 uerendt / wie er ſie gelaſſen / ſitzen fundē. Vñ
296 407 1144 475 nach dem er / ob doch ſein Ehefraw ſeither ab
296 462 1146 530 der ſtett verruckt / fleiſſig erkuͤndiget / iſt jhm
293 514 1144 587 von jnen allen einhelliglich / daß ſolches nit
291 572 1142 635 beſchehen / geantwortet worden. Derhalben
291 629 1144 702 er / der Schuldtheiß den gantzen handel ſei⸗
291 685 1144 755 nen Geſten geoffenbaret hat / mit groſſem
291 742 1139 810 leid vnnd reuwen ( wiewol er den ſtall / nach
291 802 1144 865 dem die Schaf entlauffen) zů beſchlieſſen zů
291 852 1144 923 langſam kommen / dieweil er ſo viel vnſchuͤl⸗
291 908 1142 978 diges blůts vergoſſen hat. Ich vermein aber
291 963 1142 1036 nicht anderſt weder er ſey diſem Meiſter hem
289 1021 1142 1093 merlein auch wie er wol beſchuldet / ſein be⸗
289 1076 889 1144 lohnung treuwlichen worden.
353 1133 1144 1203 Gleichergeſtalt ſein vor wenig jaren im
289 1189 1142 1254 Schloß Ried Mundenſer Heriſchafft etli⸗
293 1246 1141 1311 Weiber / ſo von einer / Margaretha von
286 1303 1141 1367 Munden genennt / angegeben / vom leben
288 1359 1139 1422 zum todt verurtheilt vnd gerichtet worden.
286 1412 1137 1481 Dieſe Margaretha war zůuor im Schloß
288 1474 1139 1542 Huisberh ein zeitlang gefangen gelegen. Als
284 1527 1139 1592 ſie aber hernach in die gegne d Statt Verd
284 1582 1137 1670 beruͤffet / hat ſie abermals eine verzeigt / vnnd
1066 1642 1139 1732 hat
