1186 1997
293 119 999 183 dei Von verblendung der
289 169 1134 241 nun etwan einer alten Vetteln Garten keiñ
291 229 1132 297 ſchad widerfaren (wie denn offt das vnge⸗
286 286 1132 359 witter ein ſtrich fůͤr ſich nimpt) iſt von ſtund
286 341 1131 416 an ein boͤſer zweiffel vnd argwon auff ſie ge⸗
284 399 1129 472 fallen / derhalb gefenglich einzogen worden.
283 457 1126 530 Als ſie nun manchmal peinlich gefraget /
283 509 1126 579 nichts deren dingen / welcher man ſie ziegen
283 564 1127 639 hat / ſagen wolt / vnnd vnter anderm ſich hoͤ⸗
279 627 1126 693 ren ließ / wie daß es nicht in jren oder jenes ei⸗
279 682 1126 747 nes menſchē / ſonder allein in Gottes macht
281 735 1122 803 vnnd gewalt ſtuͤnde vngewitter zů erwecken
278 788 1126 867 vnd widcrumb zůſtillen. Da hat der Ober⸗
276 845 1119 923 uogt deſſelbē orts jr noch ſchwerere gewicht /
274 901 1121 973 alſo daß ſie gar nahe von einander geriſſen /
273 958 1122 1028 anhenckē laſſen. Auch ſpoͤttlicher weiſe zum
276 1015 1114 1083 Peiniger geſprochen: Kom her / wir woͤllen
273 1078 1117 1148 gehen mit einander zechen / die ſchendtliche
278 1128 1119 1196 Vettel hangen laſſen / was gilts ſo baldt wir
271 1181 1119 1249 wider kommen / wirdt ſie beſſer klepffen. Als
268 1244 1119 1311 aber das arbeitſelig Weib eines Beichtuat⸗
268 1294 1116 1369 ters begert / hat jr ſolches nit erlangen moͤgē.
268 1352 1114 1426 Als nů der Oberuogt ſampt dem Peiniger
266 1407 1114 1481 vom zech widerkomen / hat er ſie am ſeil gar
264 1462 1109 1541 hart tod gefunden. Damit aber jin hiedurch
263 1519 1112 1594 kein vngluͤck entſtuͤnd / hat er / wie ſie ſich ſel⸗
266 1577 1117 1665 beſt leibloß gemacht / fuͤrgegebē. Vber jmißt
916 1635 1112 1717 folgendts
