1186 1998
88 106 877 173 boͤſen Geiſter / Das V. Buch. ni
24 159 876 234 fölgendts ſein lohn trewlich worden. Denn
23 218 874 286 er in ein ſolche taubſucht gerathen / daß er jm
23 274 874 344 ſelbſt die kleider zerriſſen / vnd mit ſeim eigen
23 336 631 406 kaht ſein angeſicht beſudelt hat.
83 382 877 452 Nicht weit von hinnen in eim Stektlein
23 447 876 514 iſt auch ein Weib von Hexenwercks wegen
24 499 874 571 gefengklich angenomen worden. Als ſie aber
21 559 867 622 mit keiner pein dahin daß ſie bekennen wolt /
24 611 862 687 gebracht werden mocht / iſt entlich der Pfaff
23 670 872 735 an ſie gerathen / vnd ſie mit guten worten ge
24 725 872 790 betten / ſie woͤlle doch ihr ſelbſt verſchonen /
26 782 876 850 ſůh nicht alſo peinigen laſſen / ſonder jr vbel⸗
23 839 876 905 that frey bekennen / ſo woͤlle er ſie von allen
28 892 877 959 Suͤnden mit dem Weihwaſſer reinigē / der
26 954 884 1018 Kirchen Chriſti wider zůſtellen / vnd daruon
26 1007 882 1073 helffen. Darauff ſie deñ etliche deren ſtuͤcken
28 1060 881 1133 ſo jr fuͤrgehalten waren / bekennt hat. Als
26 1118 882 1193 nun ſolches von jr gehoͤrt / iſt ſie angehendts
26 1173 882 1248 zum feuwer verurtheilt worden / wiewol ſie
28 1230 884 1297 die Richter / doch vmb ſunſt / daß ſie ſich an
29 1288 796 1363 jr nicht ver ſuͤndigten / trewlich warnet.
74 1383 879 1456 Wie ſich etliche Fuͤrſten vnnd Herrenin er⸗
29 1441 886 1508 forſchung des Hexenwercks ſo weißlich ge⸗
31 1486 303 1566 Jalten baben.
273 1578 611 1669 Das Al.Capitel.
719 1621 884 1701 Damit
