1186 1996
296 126 367 172 t2
430 99 996 171 Von verblendung der
444 154 1137 222 Amit aber alle Regenten vnd Ober
309 189 1136 284 C.S)keiten deſter minder an dieſen ſtock
321 271 1132 337 —o anfaren / hat mich fuͤr gůͤt angeſehē /
292 326 1137 400 das vrtheil des Durchleuchtigen Fuͤrſten
294 389 1137 449 vnd Herrn Wilhelm Hertzog zů Cleue vnd
292 437 1136 512 Guͤlch / meines gnedigſten Herrn / ob diſem
294 500 1139 570 handel einzůfuͤren. Es hat ſich anno i33 zů⸗
291 552 1137 620 tragen / daß ein Bawer auß der March buͤr⸗
294 613 1134 681 lig / welcher viel Viehs hat / vermerckt / daß
292 663 1136 736 ſeine Kuͤh nicht mehr ſo reichlich als aber
292 720 1136 793 vorhin / milch gaben. Deßhalb er ſich zů ei⸗
291 788 1137 849 nem Warſager verfůgt / vnnd was doch die
291 838 1134 908 vrſachſein moͤchte / erfraget. Darauff er jm
289 894 1132 961 deñ / wie daß es des hexenwercks ſchuldt wer /
289 953 1136 1012 geantwortet / vnd hieneben / wie daß er jm die
286 999 1126 1072 rechtſchuͤldige zeigen woͤlle verſprochē. Auff
287 1059 1134 1131 ſolches mit jm heim gereiſet / vñ des Meiers
289 1117 1136 1180 Tochter / die er noch von ſeiner erſten Frau⸗
286 1169 1132 1244 wen hat / ſo noch inn jhrem Jungfrewlichen
289 1225 1134 1302 ſtat / der ſach geziegen. Als nun ſie wie denn
286 1282 1132 1353 auch andere in jrer phantaſey vom Teuffel
287 1338 1129 1407 gefatzt / hat ſie es gleich / als ob ſie es gethan /
284 1397 1127 1468 bekennet. Jedoch ſich hoͤren laſſen / wie daß
286 1450 1122 1520 ſie der ſach allein vil zů kleinfůg geweſen ſey /
287 1508 1122 1580 ſonder es haben jr noch ſechtzehen Weiber /
287 1565 1126 1655 che ſie denn nennet / ſo in der kunſt beſſer
1044 1630 1127 1696 vn⸗
