1186 1998
81 119 894 196 boͤſen Geiſter / Das V. Bůch. ziz
38 174 894 253 vnderricht / darzu geholffen. Als nun ſolchs
38 233 892 311 dem Fuͤrſten hochgemeldt von einem ſeiner
38 289 894 359 Hoffleuten fuͤrgebracht vnd ſein genad dieſe
41 346 892 424 Weiber zubegreiffen vermahnet ward / hat
38 401 892 472 ſie es in kein wegē geſtatten woͤllen / ſonders
34 464 892 532 die gutt junge Tochter in Chriſtlicher Reli⸗
38 519 892 592 gion gruͤndtlich vnderrichten laſſen / vnd hie
33 574 891 647 durch vons Teuffels narrenſeil entledigt.
34 626 891 709 Den vbrigen ſechzehen Weibern aber iſt kein
38 684 421 755 ſtraff widerfahren.
101 737 892 814 Darauff denn alſo bald vorgemeldeten
33 790 891 860 Kuͤhen jhre milch widerumb wie vor kom⸗
31 850 889 919 men iſt. Wolte Gott das alle Oberkeiten di
36 907 891 979 ſem erempel nach keme / ſoͤ wuͤrde nicht ſouil
33 964 889 1045 vnſchuͤldiges bluts dem Teuffel zugefallen
33 1017 882 1098 vergoſſen werden. Aber es iſt fuͤrwar hoch
31 1077 882 1148 zubedaurn das offtermals der Fuͤrſten Rhet /
29 1135 882 1210 auch andere fuͤrgeſetzten vnd Amptleuth / ſo
29 1188 882 1262 vngeſchickte Schlingel ſein (die es nicht an⸗
29 1252 881 1312 trifft verzeihen mir) das ſie weder in dieſer
28 1302 881 1378 noch in etlichen andern zweiffelhafftigen ſa⸗
28 1358 881 1430 chen / ein recht ſatt vrtheil fellen koͤnnen / vnd
28 1415 879 1480 derhalben nirgends anders wo hin / deñ das
28 1468 881 1550 cs blůt koſte / ſehen vnnd ſich richten koͤnnen.
33 1530 874 1603 Vnder andern regenten aber ſo in dieſer ſach
31 1581 884 1674 (die Vnholden belangende) aantz weißlich
719 1650 877 1726 hinauß
563 1648 657 1718 Kt
