1182 1997
109 126 884 214 boͤſen Geiſter / Das V. Bůch. 7
126 201 884 256 Ein herꝛlicher / lob wirdiger ſentent oder
34 251 882 302 vrtheil / welches der hoch vnd wolgelehrt S.
31 294 885 351 Andreas Alciatus vber die Unholden gefellt
34 339 882 404 hat / mit angehenckter Hiſtori eines Weibs ſo
36 387 884 450 von deß Hexenwercks wegen verbrennt wor
38 431 186 494 den iſt.
281 464 634 539 Das Xi l. Capitel.
138 514 884 599 Sſchreibt D. Andreas Alciatus / wie
121 580 882 650 das im Augſtal ein Ketzermeiſter gewe
136 635 882 708 ſen ſeye / welcher den Vnholdē mit ſon
33 697 884 765 derbarem fleiß nachgeſtellet / vnnd biß in die
38 750 887 813 hundert zu puluer vnd eſchen verbrennt ha⸗
34 805 888 875 be. Auch nit nachgelaſſen biß das gemein
39 860 885 931 Bauwers volck mit ſpieß vñ ſtangen zuſam
34 915 885 985 men gelauffen / vñ ſolchen gewalt vnd vnbil⸗
36 971 887 1038 ligkeit abgeſchafft / vñ alle ſachen fuͤr den Bi
41 1031 887 1100 ſchoff gebracht hat. Vñ bald hernach ſchꝛei⸗
34 1091 887 1153 bet er weiter alſo :vnd wiewol etlich auß den
38 1141 885 1208 Ehmeñern dieſer verdachtē weibern / ſo eins
38 1196 887 1269 groſſen anſehens bey jren gutē trewen behiel⸗
36 1258 887 1323 ten / wie dz jre weiber zu der ſtund / zu welcher
39 1314 882 1381 ſie ſolten etwa bey eim Teuffelstantz geweſt
38 1369 880 1439 ſein / bey jnē an jrem bett geweſen:ward doch
39 1424 885 1497 jnen eingeredt / das es nicht jre Weiher ſon⸗
38 1481 887 1552 ders boͤſe Geiſttr in der Weiber form vnnd
39 1534 888 1609 geſtalt geweſt weren. Darauff aber ich die⸗
41 1590 887 1677 n beſcheid gab: Vnd warum wolteſtuaber
526 1650 604 1727 Kk
667 1649 732 1730 i
754 1649 892 1732 lieber
