1187 1997
279 126 362 183 516
401 119 987 184 Von verblendung der
278 171 1132 244 lieber freund nit viel mehr glauben der boͤß
281 229 1135 296 Geiſt were bey andern ſeines gleichen boͤſen
283 284 1135 351 Geiſtern / die Ehfraw aber bey jrem Ehmañ
281 344 1128 412 geweſtē warumb erdenckſtu wie das ein wah
278 396 1135 467 rer leib in eim allein phanteſtiſchen vnd vor⸗
279 455 1135 529 ſchwebenden tantz / hergegen aber ein phante⸗
283 510 1137 585 ſtiſcher leib in eim beth ſich finde? Was be⸗
279 565 1133 640 barff es ſich doch vmb Gottes willen / das
279 624 1130 693 man ſolche mirackel vnd wunderwerck auff
279 685 1133 752 drehe / vnnd das boͤſe fuͤrs beſſer erwelle? Es
278 738 1133 803 iſt je gewiß vñ kundbar / das etwan ein weib
276 793 1137 868 lin geweſt ſoll ſein / welche / ſo bald ſie den na
276 848 1137 923 men Jeſu mit mit heller ſtimm angeruͤfft al
274 911 1138 981 le Tentzerin ſampt jhrem Bůlen geſteuͤpt
276 968 1137 1036 vnnd verjagt hat / welchs zwar / ſo er anderſt
276 1016 1137 1088 wahre / weſenlich / Menſchliche leib vnnd nit
283 1076 1137 1148 Phantaſmata geweſt /nicht hette moͤgen be⸗
283 1128 1140 1204 ſchehen. Dieſer meinung iſt auch Apolloni⸗
279 1184 1133 1254 us Tyaneus bey Philoſtrato im vierdē bůch.
279 1241 1138 1313 Deßgleichen C. Caſſius bey Plutarcho im
276 1299 1138 1367 leben Bruti. Zu dem ſo ſchreiben auch die
279 1356 1138 1429 Medici einem verruckten hirne viel ſeltza⸗
278 1412 1138 1477 mer effectus oder wirckunge zu. Denn eben
279 1477 1138 1537 daher kompt vns das Schretele / die verzu⸗
279 1524 1138 1600 ckůg auſſerthalb ſich ſelbſt / apoſteutzlerey / vn
283 1585 1140 1675 ſinnige lieb / vorſchwebende grillen /mucken
1045 1652 1135 1709 vnd
