<?xml version="1.0" encoding="UTF-8"  standalone="yes"?>
<PcGts xmlns="http://schema.primaresearch.org/PAGE/gts/pagecontent/2019-07-15" xmlns:xsi="http://www.w3.org/2001/XMLSchema-instance" xsi:schemaLocation="http://schema.primaresearch.org/PAGE/gts/pagecontent/2019-07-15 http://schema.primaresearch.org/PAGE/gts/pagecontent/2019-07-15/pagecontent.xsd">
  <Metadata externalRef="https://content.staatsbibliothek-berlin.de/dc/813172837-0538/full/full/0/default.jpg">
	<Creator>escriptorium</Creator>
	<Created>2023-03-06T11:57:58.063703+00:00</Created>
        <LastChange>2023-03-06T11:57:58.063724+00:00</LastChange>

  </Metadata>
  <Page imageFilename="537_ea3bc_default.jpg" imageWidth="1187" imageHeight="1997">

    
    <TextRegion id="eSc_textblock_0910881e"  >
      <Coords points="491,106 1007,113 1042,159 1153,186 1147,1702 1022,1702 967,1642 306,1635 286,159 306,113 456,139 491,106"/>
      
      
      <TextLine id="eSc_line_4067ca1c" >
        <Coords points="364,123 347,119 331,116 311,116 301,124 297,163 297,171 371,171 371,163 371,124 364,123"/>
        <Baseline points="297,163 371,163"/>
        <TextEquiv>
          <Unicode>5i8</Unicode>
        </TextEquiv>
      </TextLine>

      
      
      <TextLine id="eSc_line_4fee2aee" >
        <Coords points="1003,116 963,116 962,114 957,111 948,111 932,111 920,111 910,114 907,116 824,116 820,113 815,109 815,109 799,109 789,109 779,113 775,114 770,113 760,109 749,109 732,108 722,108 692,113 674,116 620,116 614,111 605,106 599,106 592,106 577,111 572,113 569,111 562,106 549,106 536,106 487,109 482,113 482,161 482,169 1017,166 1017,161 1013,124 1003,116"/>
        <Baseline points="482,161 1017,161"/>
        <TextEquiv>
          <Unicode>Von verblendnng der</Unicode>
        </TextEquiv>
      </TextLine>

      
      
      <TextLine id="eSc_line_88d4618d" >
        <Coords points="1142,183 1125,179 1113,176 955,176 950,173 937,164 935,164 933,164 932,164 882,171 872,173 867,171 845,163 842,163 835,163 825,171 822,173 804,171 740,163 725,163 709,163 705,163 697,169 694,171 674,169 624,163 609,163 592,163 581,163 556,168 534,171 512,166 496,163 492,163 491,161 472,158 471,158 293,163 293,213 291,222 1140,232 1143,219 1142,183 1142,183"/>
        <Baseline points="293,213 1143,219"/>
        <TextEquiv>
          <Unicode>lich. Deñ wer iſts doch / der nit in dem traum</Unicode>
        </TextEquiv>
      </TextLine>

      
      
      <TextLine id="eSc_line_06bdb64e" >
        <Coords points="857,218 855,218 814,222 780,227 752,222 727,219 725,219 699,224 675,227 654,224 622,218 620,218 592,224 574,227 517,224 391,216 389,216 387,216 386,216 386,218 377,224 376,226 293,226 293,269 291,286 1137,289 1140,274 1137,222 882,229 869,222 859,218 857,218"/>
        <Baseline points="293,269 1140,274"/>
        <TextEquiv>
          <Unicode>durch ſolche vorſchwebēde bilder außerthalb</Unicode>
        </TextEquiv>
      </TextLine>

      
      
      <TextLine id="eSc_line_cf4944ed" >
        <Coords points="293,326 291,341 421,336 459,344 461,344 462,344 464,344 482,336 501,344 502,346 504,346 506,346 516,346 571,337 584,346 586,346 587,346 589,346 591,346 592,346 619,337 689,346 690,346 692,346 694,346 712,337 725,347 727,347 729,347 730,347 732,347 734,347 747,339 898,347 902,347 903,347 905,347 927,339 1135,349 1138,332 1137,282 293,274 293,326"/>
        <Baseline points="293,326 1138,332"/>
        <TextEquiv>
          <Unicode>ſich ſelbſt gefuͤret werde. Welcher meinung</Unicode>
        </TextEquiv>
      </TextLine>

      
      
      <TextLine id="eSc_line_3dfb420c" >
        <Coords points="293,379 291,394 324,391 361,397 384,401 386,401 387,401 401,397 427,391 442,397 447,401 449,401 694,402 695,402 697,402 699,402 700,401 714,392 724,401 727,404 729,404 730,404 732,404 734,404 740,401 755,394 812,402 829,404 830,404 832,404 834,404 835,402 842,397 847,402 849,402 850,402 852,402 855,402 917,394 932,404 933,406 935,406 937,406 938,406 940,406 942,406 942,404 943,404 950,397 978,404 982,404 983,404 990,404 1110,396 1133,406 1138,386 1137,342 908,332 907,332 770,339 734,341 727,339 704,331 702,331 700,331 624,339 612,339 609,339 584,331 582,331 581,331 544,337 536,339 516,337 412,329 411,329 293,336 293,379"/>
        <Baseline points="293,379 1138,386"/>
        <TextEquiv>
          <Unicode>auch der H. Auguſtinus im s: bůch von der</Unicode>
        </TextEquiv>
      </TextLine>

      
      
      <TextLine id="eSc_line_adb85ade" >
        <Coords points="293,439 291,447 341,457 342,459 342,457 387,449 394,449 437,450 624,457 625,457 627,457 645,452 662,449 687,454 717,459 719,459 749,454 770,450 775,454 780,459 782,459 784,459 785,459 895,455 1098,450 1138,459 1142,442 1140,401 1083,389 1082,389 1040,397 972,389 970,389 968,389 967,389 967,391 958,397 957,401 850,401 844,396 837,391 835,391 834,391 832,391 830,391 829,391 829,392 825,396 820,401 762,401 742,394 719,387 717,387 715,387 714,387 690,392 670,399 466,399 451,389 449,387 447,387 446,387 364,387 362,387 361,387 359,387 347,397 293,387 293,439"/>
        <Baseline points="293,439 1142,442"/>
        <TextEquiv>
          <Unicode>ſtatt Gottes am is. Capitel vnderſchrieben</Unicode>
        </TextEquiv>
      </TextLine>

      
      
      <TextLine id="eSc_line_ed061880" >
        <Coords points="293,492 291,505 1143,505 1145,495 1145,454 1113,444 1112,444 1110,444 1108,444 1080,454 1078,454 1052,444 1050,444 1048,444 1047,444 1017,452 1012,455 822,455 797,449 767,444 765,444 764,444 749,449 730,454 710,449 690,442 689,442 687,442 685,442 670,447 655,452 637,447 620,442 619,442 617,442 592,445 559,452 532,445 521,442 519,442 517,442 516,442 507,445 487,452 479,444 477,444 476,444 392,442 391,442 389,442 386,442 349,452 293,442 293,492"/>
        <Baseline points="293,492 1145,495"/>
        <TextEquiv>
          <Unicode>hat / da er alſo ſchreibt: Ein warer / weſentli⸗</Unicode>
        </TextEquiv>
      </TextLine>

      
      
      <TextLine id="eSc_line_11bdffe0" >
        <Coords points="291,527 291,549 289,567 489,562 496,569 497,569 497,570 499,570 501,570 502,570 557,569 642,564 652,567 664,572 665,572 667,574 667,572 669,572 680,567 689,564 695,567 702,572 704,572 705,572 707,572 709,572 725,567 737,564 742,567 749,572 750,572 752,572 754,572 855,567 880,565 885,565 917,574 918,574 920,574 922,574 923,574 933,567 942,574 943,574 945,574 947,575 1010,575 1010,574 1012,574 1013,574 1023,565 1025,565 1142,565 1143,554 1143,512 1118,500 1117,500 1115,500 1113,500 1112,500 1097,510 1017,500 1015,500 940,510 927,500 925,500 923,500 922,500 920,500 884,510 860,499 859,499 857,499 855,499 825,509 785,499 784,499 782,499 780,499 749,507 637,499 635,499 634,499 632,499 632,500 622,510 592,510 567,499 566,499 564,499 496,507 447,497 446,497 346,507 326,497 324,497 322,497 321,497 302,504 291,527"/>
        <Baseline points="291,549 1143,554"/>
        <TextEquiv>
          <Unicode>cher leib mag durch kein kunſt deß teufels es⸗</Unicode>
        </TextEquiv>
      </TextLine>

      
      
      <TextLine id="eSc_line_b5ea10f3" >
        <Coords points="293,605 291,617 297,624 297,625 299,625 301,625 302,625 304,625 332,617 497,617 506,624 506,625 507,625 509,625 511,625 571,619 582,627 584,627 586,627 587,627 1143,620 1145,610 1143,569 880,569 879,567 862,559 860,559 859,559 293,562 293,605"/>
        <Baseline points="293,605 1145,610"/>
        <TextEquiv>
          <Unicode>uertiert vnd verkert werden:aber ein phante⸗</Unicode>
        </TextEquiv>
      </TextLine>

      
      
      <TextLine id="eSc_line_b15292c3" >
        <Coords points="297,662 296,678 539,673 562,678 577,683 579,683 581,683 615,678 645,675 650,678 657,683 659,683 660,683 662,683 1063,677 1065,677 1117,685 1118,685 1120,685 1143,675 1145,667 1142,624 1083,624 1082,622 1070,614 1070,612 1068,612 1067,612 1065,612 1063,612 1032,622 1025,625 922,625 910,620 879,612 877,612 875,612 815,620 810,620 809,620 782,610 780,610 779,610 777,610 755,620 750,622 737,620 689,610 687,610 685,610 667,619 660,612 660,610 659,610 657,610 655,610 612,619 595,622 591,619 579,609 577,609 576,609 574,609 516,619 496,622 409,622 406,617 397,610 397,609 396,609 394,609 392,609 297,615 297,662"/>
        <Baseline points="297,662 1145,667"/>
        <TextEquiv>
          <Unicode>ſtiſcher / welcher deñ auch in ſinnen vnd ge⸗</Unicode>
        </TextEquiv>
      </TextLine>

      
      
      <TextLine id="eSc_line_921b0fa4" >
        <Coords points="297,718 296,728 306,735 307,735 309,735 311,735 407,728 509,737 511,737 1145,732 1147,725 1145,672 1083,680 1012,672 1008,672 1007,672 1003,672 937,680 905,672 897,670 895,670 893,670 892,670 884,672 860,680 724,680 710,673 700,668 699,668 697,668 614,673 571,675 554,673 511,667 509,667 297,673 297,718"/>
        <Baseline points="297,718 1147,725"/>
        <TextEquiv>
          <Unicode>danckē / deßgleichen im traum in tauſent vñ</Unicode>
        </TextEquiv>
      </TextLine>

      
      
      <TextLine id="eSc_line_ab0f06c1" >
        <Coords points="296,773 294,790 774,790 789,798 790,798 792,798 794,798 804,798 865,792 892,798 897,800 898,800 900,800 918,800 1013,793 1137,802 1140,785 1138,740 1007,740 1005,738 995,730 993,730 992,730 990,730 830,735 782,737 770,735 729,727 727,727 672,733 659,735 650,733 617,725 615,725 614,725 556,732 542,733 532,732 486,723 484,723 432,730 422,732 419,730 399,722 397,722 396,722 296,728 296,773"/>
        <Baseline points="296,773 1140,785"/>
        <TextEquiv>
          <Unicode>aber tauſent andere vñ andere geſtalten mag</Unicode>
        </TextEquiv>
      </TextLine>

      
      
      <TextLine id="eSc_line_e46c32be" >
        <Coords points="1060,785 1012,793 1005,793 1002,793 978,783 977,783 975,783 880,792 867,792 860,783 859,783 859,782 857,782 855,782 854,782 779,790 772,790 767,790 720,780 719,780 717,780 690,788 665,780 664,780 662,780 660,780 659,780 645,788 627,780 625,780 624,780 622,780 604,788 602,788 592,788 529,780 527,780 526,780 509,787 502,780 502,778 501,778 499,778 497,778 496,778 481,787 479,787 301,785 294,795 294,828 293,843 576,840 587,845 595,850 597,850 599,852 692,852 692,850 694,850 702,845 709,842 715,845 724,852 725,852 727,852 729,853 787,853 787,852 824,845 840,843 855,845 892,853 893,853 985,845 1002,845 1007,845 1040,855 1042,855 1043,855 1145,845 1147,838 1147,795 1062,785 1060,785"/>
        <Baseline points="294,828 1147,838"/>
        <TextEquiv>
          <Unicode>verwandlet werden. Vnd ob gleich wol ein</Unicode>
        </TextEquiv>
      </TextLine>

      
      
      <TextLine id="eSc_line_724d59e0" >
        <Coords points="297,888 296,900 509,898 514,901 517,905 517,906 519,906 521,906 591,908 592,908 594,908 595,908 595,906 602,901 604,900 702,900 704,901 710,906 710,908 712,908 714,908 715,910 792,910 792,908 794,908 817,901 824,900 829,901 862,910 864,910 865,911 1005,911 1005,910 1058,901 1108,910 1110,910 1112,910 1143,900 1145,893 1143,845 297,837 297,888"/>
        <Baseline points="297,888 1145,893"/>
        <TextEquiv>
          <Unicode>ſolcher vorſchwebender phantaſtiſcher Leib</Unicode>
        </TextEquiv>
      </TextLine>

      
      
      <TextLine id="eSc_line_0c3948c8" >
        <Coords points="296,910 296,941 294,955 342,953 352,956 362,961 364,961 366,961 367,961 376,956 384,953 409,956 446,963 447,963 449,963 451,963 457,956 461,955 472,956 499,963 501,963 502,963 521,956 531,955 546,956 586,965 587,965 589,965 620,956 630,955 639,956 660,965 662,965 664,965 729,956 739,956 742,956 767,966 769,966 770,968 870,968 870,966 872,966 874,966 887,958 935,968 937,968 938,968 963,958 1092,958 1102,966 1102,968 1103,968 1105,968 1107,968 1108,968 1148,956 1150,948 1145,896 1127,905 1025,896 1013,896 1012,896 1005,896 952,905 942,896 940,895 938,895 937,895 935,895 913,896 862,905 762,905 742,898 725,893 724,893 722,893 720,893 710,898 700,901 679,898 650,893 649,893 607,898 576,901 567,898 556,893 554,893 552,893 551,893 536,898 526,901 522,898 514,891 512,891 511,891 509,891 304,898 296,910"/>
        <Baseline points="296,941 1150,948"/>
        <TextEquiv>
          <Unicode>an jm ſelbſt ein wahrer / weſentlicher leib nit</Unicode>
        </TextEquiv>
      </TextLine>

      
      
      <TextLine id="eSc_line_af83cd94" >
        <Coords points="294,998 293,1010 301,1016 302,1016 304,1016 306,1016 361,1008 457,1016 459,1016 541,1010 564,1018 566,1018 567,1018 569,1018 587,1010 637,1018 639,1018 735,1011 747,1020 749,1020 750,1020 752,1020 754,1020 755,1020 767,1011 825,1020 827,1020 867,1011 947,1021 948,1021 1147,1011 1148,1005 1148,961 930,950 928,950 927,950 925,950 918,956 915,960 760,960 730,953 705,948 704,948 652,951 566,956 539,948 536,948 534,948 532,948 531,948 529,948 509,956 467,948 461,946 459,946 452,946 409,955 397,946 396,946 394,946 294,945 294,998"/>
        <Baseline points="294,998 1148,1005"/>
        <TextEquiv>
          <Unicode>iſt / ſo nimpt er doch eins waren leibs geſtalt</Unicode>
        </TextEquiv>
      </TextLine>

      
      
      <TextLine id="eSc_line_f82caa9a" >
        <Coords points="297,1025 297,1053 296,1070 402,1065 411,1071 411,1073 412,1073 414,1073 416,1073 421,1073 472,1066 512,1075 521,1075 522,1075 524,1075 526,1075 544,1066 589,1075 594,1075 595,1075 597,1075 599,1075 630,1066 664,1075 665,1075 667,1075 669,1075 670,1075 684,1066 727,1076 734,1076 735,1076 742,1076 779,1068 862,1076 867,1076 869,1076 870,1076 912,1068 948,1078 952,1078 953,1078 955,1078 962,1078 1003,1070 1018,1078 1020,1078 1022,1078 1023,1078 1025,1078 1027,1078 1043,1070 1145,1078 1148,1060 1145,1006 1118,1015 993,1006 977,1006 975,1006 973,1006 970,1006 938,1015 922,1006 915,1005 913,1005 912,1005 885,1008 834,1013 805,1008 789,1005 787,1005 785,1005 784,1005 779,1008 770,1013 749,1008 724,1003 722,1003 610,1008 556,1011 552,1010 547,1005 547,1003 546,1003 544,1003 542,1003 541,1003 519,1010 512,1011 509,1010 497,1001 496,1001 494,1001 492,1001 307,1010 297,1025"/>
        <Baseline points="297,1053 1148,1060"/>
        <TextEquiv>
          <Unicode>an ſich / als denn nemlich / wañ die thuͤren vñ</Unicode>
        </TextEquiv>
      </TextLine>

      
      
      <TextLine id="eSc_line_ba4565fa" >
        <Coords points="296,1109 296,1131 316,1123 362,1131 372,1133 374,1134 374,1133 384,1131 431,1123 459,1131 467,1134 469,1134 471,1134 491,1131 542,1124 579,1124 589,1133 591,1134 592,1134 594,1134 595,1134 597,1134 605,1133 634,1124 655,1133 665,1136 667,1136 669,1136 670,1136 680,1133 694,1126 705,1133 714,1136 715,1136 717,1136 719,1136 720,1136 724,1133 732,1126 757,1133 770,1136 772,1136 774,1136 775,1136 777,1136 782,1133 794,1126 844,1133 882,1138 884,1138 920,1133 948,1129 958,1133 975,1139 977,1139 978,1139 1147,1133 1148,1118 1148,1073 1117,1065 1115,1065 1113,1065 860,1071 829,1071 825,1071 812,1061 810,1061 809,1061 807,1061 805,1061 777,1070 674,1061 672,1061 670,1061 645,1070 644,1070 640,1070 615,1060 614,1060 612,1060 610,1060 584,1068 582,1070 469,1070 466,1068 446,1058 444,1058 442,1058 296,1065 296,1109"/>
        <Baseline points="296,1109 1148,1118"/>
        <TextEquiv>
          <Unicode>eingang der auß etlichen ſinnen verſchloſſen</Unicode>
        </TextEquiv>
      </TextLine>

      
      
      <TextLine id="eSc_line_3efb564c" >
        <Coords points="299,1149 299,1166 297,1183 407,1176 446,1186 447,1186 449,1186 454,1186 574,1178 595,1188 597,1188 599,1188 600,1188 609,1188 695,1179 727,1188 730,1189 732,1189 734,1189 735,1189 740,1189 777,1179 800,1189 805,1191 807,1191 809,1191 810,1191 815,1189 834,1181 937,1189 940,1173 940,1129 910,1119 908,1119 907,1119 905,1119 889,1128 880,1119 880,1118 879,1118 877,1118 875,1118 625,1126 620,1126 619,1126 551,1114 549,1114 474,1124 437,1113 436,1113 434,1113 381,1123 326,1113 324,1113 322,1113 312,1118 299,1149"/>
        <Baseline points="299,1166 940,1173"/>
        <TextEquiv>
          <Unicode>ſind. Souiel der worten Alciati.</Unicode>
        </TextEquiv>
      </TextLine>

      
      
      <TextLine id="eSc_line_174ad191" >
        <Coords points="898,1173 897,1173 895,1173 893,1173 892,1173 880,1181 830,1173 829,1173 759,1181 725,1181 715,1171 704,1171 690,1171 665,1176 637,1171 625,1171 615,1178 354,1169 354,1221 352,1231 457,1231 462,1233 484,1243 486,1243 487,1243 539,1234 569,1243 571,1243 572,1243 574,1243 591,1234 594,1233 595,1234 619,1244 620,1244 622,1244 739,1238 759,1246 760,1246 762,1246 864,1236 872,1236 877,1236 932,1248 933,1248 1150,1238 1152,1231 1150,1174 1030,1181 977,1173 963,1171 962,1171 953,1173 912,1183 900,1173 898,1173"/>
        <Baseline points="354,1221 1152,1231"/>
        <TextEquiv>
          <Unicode>Bey dem dorff Elten / ſo ein halb Meil</Unicode>
        </TextEquiv>
      </TextLine>

      
      
      <TextLine id="eSc_line_c3053e38" >
        <Coords points="297,1269 297,1278 296,1296 369,1289 424,1298 436,1299 437,1299 439,1299 444,1298 467,1289 504,1298 521,1301 522,1301 546,1298 584,1291 604,1298 615,1301 617,1301 619,1301 649,1298 679,1293 684,1298 689,1301 689,1303 690,1303 692,1303 694,1303 695,1303 715,1296 725,1294 740,1296 777,1303 779,1303 780,1303 782,1303 792,1296 799,1293 807,1296 825,1304 827,1304 829,1306 923,1306 923,1304 960,1296 970,1294 983,1296 1053,1306 1055,1306 1147,1294 1148,1286 1147,1241 1018,1231 1017,1231 938,1239 932,1239 928,1239 895,1229 893,1229 892,1229 890,1229 889,1229 879,1239 877,1241 809,1241 802,1239 749,1228 747,1228 652,1238 649,1238 647,1238 605,1226 604,1226 602,1226 522,1236 502,1226 501,1226 499,1226 497,1226 471,1236 462,1226 461,1226 461,1224 459,1224 457,1224 456,1224 367,1234 317,1224 316,1224 314,1224 312,1224 302,1229 297,1269"/>
        <Baseline points="297,1278 1148,1286"/>
        <TextEquiv>
          <Unicode>vonn Embric in dem Hertzogthumb Cleue</Unicode>
        </TextEquiv>
      </TextLine>

      
      
      <TextLine id="eSc_line_093f7186" >
        <Coords points="301,1337 299,1349 307,1356 309,1356 311,1356 312,1356 1147,1352 1148,1342 1147,1298 953,1288 952,1288 915,1296 913,1296 912,1296 905,1289 905,1288 903,1288 902,1288 900,1288 898,1288 870,1296 865,1296 859,1294 807,1286 805,1286 677,1294 662,1294 654,1294 581,1284 579,1284 301,1291 301,1337"/>
        <Baseline points="301,1337 1148,1342"/>
        <TextEquiv>
          <Unicode>gelegen / hat ſich an der rechten Landſtraß ein</Unicode>
        </TextEquiv>
      </TextLine>

      
      
      <TextLine id="eSc_line_9200660c" >
        <Coords points="296,1406 376,1401 492,1407 549,1411 551,1411 569,1407 594,1402 599,1407 602,1409 602,1411 604,1411 605,1411 717,1412 719,1412 744,1407 760,1404 765,1407 774,1412 775,1412 777,1412 779,1412 854,1407 879,1406 889,1407 925,1414 927,1414 928,1414 930,1414 942,1407 943,1406 945,1407 958,1414 960,1414 962,1414 1048,1407 1103,1416 1105,1416 1152,1406 1153,1399 1153,1356 1077,1347 1075,1347 1073,1347 1072,1347 1065,1354 1062,1357 962,1357 930,1351 898,1346 897,1346 895,1346 893,1346 889,1351 879,1357 819,1357 769,1356 760,1347 757,1344 755,1344 754,1344 752,1344 750,1344 744,1347 727,1356 659,1356 630,1346 622,1342 620,1342 619,1342 589,1344 487,1352 474,1342 474,1341 472,1341 471,1341 469,1341 452,1342 374,1349 346,1341 344,1341 342,1341 341,1341 339,1341 329,1351 299,1339 297,1391 296,1406"/>
        <Baseline points="297,1391 1153,1399"/>
        <TextEquiv>
          <Unicode>wunderbare ſach zugetragen. Denn etwan</Unicode>
        </TextEquiv>
      </TextLine>

      
      
      <TextLine id="eSc_line_93a24f14" >
        <Coords points="1000,1399 998,1399 997,1399 995,1401 983,1409 945,1401 942,1401 940,1401 938,1401 937,1401 910,1411 855,1401 849,1401 847,1401 840,1401 794,1409 782,1401 777,1397 775,1397 774,1397 772,1397 737,1401 694,1407 687,1402 682,1397 682,1396 680,1396 679,1396 677,1396 675,1396 674,1396 667,1402 659,1409 589,1409 581,1402 572,1394 571,1394 569,1394 567,1394 524,1396 522,1396 521,1396 521,1397 514,1402 511,1407 454,1407 449,1402 439,1394 439,1392 437,1392 436,1392 434,1392 311,1402 302,1414 302,1446 301,1454 332,1464 334,1464 336,1464 406,1457 586,1467 587,1467 1150,1464 1152,1456 1150,1401 1108,1401 1107,1401 1105,1401 1103,1401 1087,1412 1013,1401 1002,1399 1000,1399"/>
        <Baseline points="302,1446 1152,1456"/>
        <TextEquiv>
          <Unicode>ein boͤſer geiſt plagt vnd vexierte die ſo dieſel</Unicode>
        </TextEquiv>
      </TextLine>

      
      
      <TextLine id="eSc_line_988e66e6" >
        <Coords points="302,1502 301,1511 327,1521 329,1521 331,1521 429,1512 441,1512 442,1512 464,1522 466,1522 467,1522 469,1522 471,1522 482,1514 497,1522 499,1522 501,1522 571,1516 579,1516 582,1516 592,1524 594,1524 595,1524 597,1524 645,1517 664,1516 684,1519 724,1526 725,1526 784,1521 832,1517 860,1522 882,1527 884,1527 917,1524 972,1519 1143,1529 1147,1512 1147,1469 1107,1459 1105,1459 1103,1459 1102,1459 1070,1467 1065,1469 1062,1467 1045,1459 1043,1459 1042,1459 1040,1459 1025,1467 1020,1469 1015,1467 1002,1461 1000,1461 998,1461 895,1464 815,1466 810,1461 805,1457 805,1456 804,1456 802,1456 757,1456 755,1456 754,1456 752,1456 749,1459 742,1464 734,1459 727,1454 725,1454 724,1454 722,1454 685,1459 639,1464 625,1457 622,1454 620,1454 619,1454 617,1454 615,1454 609,1456 584,1464 482,1452 471,1452 469,1452 467,1452 466,1452 444,1462 424,1451 422,1451 421,1451 419,1451 412,1451 364,1461 302,1449 302,1502"/>
        <Baseline points="302,1502 1147,1512"/>
        <TextEquiv>
          <Unicode>bige ſtraß zogen / auff viel vnnd mancherley</Unicode>
        </TextEquiv>
      </TextLine>

      
      
      <TextLine id="eSc_line_765e9e3e" >
        <Coords points="307,1526 304,1559 302,1572 689,1580 690,1580 692,1580 707,1574 712,1572 717,1574 729,1582 730,1582 732,1582 734,1582 832,1575 835,1575 837,1575 867,1584 869,1584 870,1584 942,1575 947,1575 952,1575 1010,1585 1012,1585 1150,1575 1152,1569 1152,1522 316,1512 307,1526"/>
        <Baseline points="304,1559 1152,1569"/>
        <TextEquiv>
          <Unicode>weiß . Etliche ſchlug er / etliche warff er vber</Unicode>
        </TextEquiv>
      </TextLine>

      
      
      <TextLine id="eSc_line_7ddaa2f6" >
        <Coords points="309,1615 307,1647 319,1655 321,1655 322,1655 324,1655 326,1655 356,1644 394,1664 396,1664 397,1664 399,1664 424,1655 437,1665 439,1665 441,1665 494,1667 496,1667 497,1667 519,1657 542,1667 544,1667 546,1667 645,1645 690,1664 692,1664 789,1669 790,1669 847,1659 859,1669 859,1670 860,1670 862,1670 864,1672 992,1672 992,1670 993,1670 995,1670 1018,1650 1153,1650 1155,1624 1153,1579 995,1579 992,1575 985,1569 983,1569 982,1569 980,1569 889,1572 825,1575 817,1572 810,1567 809,1567 807,1567 805,1567 740,1570 655,1574 649,1569 647,1567 647,1565 645,1565 644,1565 642,1565 597,1567 486,1572 467,1564 466,1564 464,1564 462,1564 451,1564 372,1570 309,1562 309,1615"/>
        <Baseline points="309,1615 1155,1624"/>
        <TextEquiv>
          <Unicode>die pferd ab/ etliche: kereter die karren vnnd</Unicode>
        </TextEquiv>
      </TextLine>

      
      
      <TextLine id="eSc_line_3d337df6" >
        <Coords points="1013,1682 1012,1709 1077,1722 1078,1722 1140,1717 1142,1685 1140,1635 1013,1635 1013,1682"/>
        <Baseline points="1013,1682 1142,1685"/>
        <TextEquiv>
          <Unicode>magen</Unicode>
        </TextEquiv>
      </TextLine>

      
    </TextRegion>
    

    
  </Page>
</PcGts>
