1176 1997
94 133 881 206 boͤſen Geiſter / Das V. Bůch. his
41 186 884 261 wagen vnderobſich. Man mocht auch mit
38 246 882 317 augen anders nichts denn ein geſtalt einer
38 296 886 376 Menſchen hand erſchen. Der gemein Poͤfel
38 354 884 429 nennt ſolches geſpenſt gemeinlich Eckerken.
44 411 886 479 Nun die ringsweiß herumb wonenden land
39 469 887 545 leuth / ſo mehrtheils ongleubig / vnd derhalb
41 522 887 595 diß teuffels geſpoͤrꝛ vnd fatzwerck zůzerlegen
41 579 889 659 zu vnuerſtendig / haben ſolchen handel den
38 634 887 703 nechſten einer Hexen zůgemeſſen. Deßhalb
41 692 887 762 einem weib mit namen Sibilla Duiſcops /
44 745 894 828 ſo deß Grauen von Monten leibeigen / hand
43 805 896 880 angelegt / welcheals bakd ſie in den rauch ge⸗
46 858 896 936 gen dem himmel geſchickt ward / hat die lang
44 918 896 990 wirige vexation deß boͤſen Geiſts nach gelaſ⸗
44 971 897 1050 ſen. Aber zwar nicht auß der vrſach / daß ſie
44 1028 899 1105 daran ſchuld tragen haben (wiewol ſie es ent
43 1083 896 1149 weders vonn wegen der marter / oder das ſie
46 1141 892 1216 von dem teuffel in jhrer phantaſey verwent /
46 1194 897 1274 bekannt hat) ſonder es iſt der teuffel ſelbſt frei
46 1254 894 1324 williglichen abgeſtanden / damit vnnd das er
49 1311 894 1384 die vngleubigen in jhrem vnglauben noch
49 1362 899 1442 dieffer verſenckte / vnnd hieneben die Richter
53 1421 901 1501 zu einem Blůtdurſtigen vrtheil verurſacht:
49 1481 901 1552 denn er je von anfang her ein todſchleger iſt.
54 1534 899 1609 Vnnd zwar mir zweiffelt nicht / ſolt man zu
49 1589 902 1682 dieſen ſtunden / da ſich dieſe Hand hat ſehen
504 1647 884 1732 Kk iij laſſen /
