1187 1997
288 108 374 166 f20
431 99 1010 168 Von verblendun g der
286 153 1133 236 laſſen / acht darauff gehabt haben / wurd man
286 216 1135 289 on allen zweiffel gemelte Sybillam entwe⸗
283 267 1135 346 ders daheim ſchlaffend / oder ſonſt etwas
283 324 1135 402 ſchlaffend gefunden haben. So aber jemand
284 384 1138 455 ſprechen wolt / Warumb hat ſie es denn be⸗
281 439 1133 509 kennt? Antwort ich: Solches iſt entweders
279 495 1130 575 vonn der groſſen pein wegen / oder daß jhren
279 550 1133 630 vom boͤſen Geiſt die phantaſey gefelſcht / be⸗
283 604 1132 687 ſchehen. Wie aber die phantaſey gefelſcht /
283 664 1132 743 vnd die ſinn verruckt werden / iſt vormals ge
283 718 814 797 nugſam angezeigt worden.
366 778 1137 850 Bekanntnuß etlicher / ſo ſich in Woͤlff ver⸗
289 817 940 896 kert ſein gentzlich vermeint haben.
532 887 893 946 Das Xlll. Capit cl.
366 930 1133 1016 7 Ch wil hie an eim fuͤrgehen auch derē /
321 993 1137 1076 Iſo ſich zu woͤlffen wordē ſein vermeint
391 1045 1137 1129 bekanntnuß herein lauffen laſſen. Deñ
284 1101 1137 1183 mir ſolche in dieſem meinem fuͤrgenommen
286 1159 1137 1239 werck von weidlichen / dapfferen / vnd achtba
286 1216 1132 1298 ren perſonen offt ſind fuͤr geworffen wordē.
286 1273 1132 1352 Damit nun dieſen vnd allen anderen / ſo def
288 1326 1138 1409 ſen notuͤrfftig / die Augen ein mal recht er⸗
284 1381 1137 1469 leucht werden / auff das ſie ſolchen Teuffels
288 1446 1133 1522 guͤmpelmarckt recht vnd im grund erkenen /
286 1496 1138 1584 hab ich mir fuͤrgenommen volgende hiſtori
288 1555 1140 1672 hieher zuſetzen / vundein vrtheil / damit mnan
1032 1619 1133 1700 auch
