1193 1997
289 131 1008 208 34 Von verblendung der
289 184 1129 262 nem beſten vermoͤgen ſeiner ſchantz / wie er
291 244 1128 309 denn von anfang her in der warheit nicht iſt
293 297 1133 371 beſtendig bliben. Was er redt vñ thůt / iſt ent
293 352 1131 431 weder ein lauterer lug vnd betrug / oder aber
293 411 1133 489 zum wenigſten mit lug vnd betrug vermen⸗
296 465 1134 542 get / wenn er ſcheint als ob er das aller beſt
294 522 1134 592 thůe vnd rede / ſo richtet er todſchleg an / oder
296 575 1136 659 ſtifftet luͤgen / damit er die Seelen in die haͤr⸗
296 634 1136 707 ren bringe vnd verderbe. Derhalben ſo leſt
294 690 1138 758 er vnderweilen an den krancken von der ver⸗
293 743 1138 818 letzung nach / welche er ſelbs / vnd kein Vn⸗
296 802 1134 878 hold / doch aus Gottes billicher verhengnis /
294 860 911 930 an jhnen ein zeitlang geuͤbt hat.
344 925 1136 983 Die meinung Pauli Grillandi von vorge⸗
298 973 708 1033 melter herter materi.
509 1020 938 1081 Das Fuͤnffte Capitel.
414 1071 1143 1149 Jeweil das ſonderbar vrtheil des weit
356 1129 1143 1208 beruͤmpten Juriſconſulti D. Pauli
413 1186 1143 1253 Grillandi / welches vber dieſen handel
298 1243 1144 1318 gefellet / ſich nicht vbel hieher reimet / hat
294 1296 1141 1374 mich fuͤr gut angeſchen ſolchs an einem fůr⸗
301 1352 1136 1432 gehen / hie einzufuͤhren. Ich hab (ſpꝛicht er)
299 1412 1144 1487 ſonſt offt geſehen / daß die jehnigen ſo man
298 1469 1143 1532 vermeint veruntrewt ſein / nach dem ſie artz⸗
298 1526 1139 1595 ney dardurch entlediget zuwerdē / gbraucht /
298 1579 1146 1667 beyde durch den Vomitum vnnd Deiccti⸗
1034 1644 1144 1730 ones
