1194 1997
286 123 366 181 522
469 113 1012 186 Von verblendung der
283 169 1130 247 ſo von vergangenem groſſen regen zerſtrewt
278 226 1129 301 worden iſt. Denn dieweil ich ſolches nir⸗
284 281 1122 362 gends wigerumb betretten kann / ſo muß ich
276 336 1130 412 wol kleinmůͤtig vnnd trauwrig ſein. Da
276 392 1129 472 rauff denn vorgemelter Reuter dem Petro
278 454 1127 522 zugeſprochen / vnnd jhn heiſſen wol zůmut
276 507 1129 580 ſein / auch verſprochen / ſo ferꝛ vnd er ſich jhm
276 567 1124 637 verbinde / woͤlle er jhm ein Meiſter ſchicken /
276 619 1127 697 von welchem er guten / ſatten bericht entpfa⸗
276 673 1125 753 hen werde / das nun hinfuͤr ſein Vieh weder
276 728 1127 805 von Woͤlffen / noch anderen wilden Thierē
274 788 1125 868 muͤſſe geſchedigt werden / es muß auch ſonſt
273 843 1124 920 in alweg kein ſchaden erleiden. Vñ vber das
274 896 1125 980 ſol jm kein hauptuieh nimermehr zu grundt
273 955 1119 1033 gehen. Vund damit er jhm deſter ein beſſer
271 1015 1122 1090 Hertz machte / hat er jhm bezeuget wie daß
269 1068 1120 1148 er ſein verloren Vieh alles bey einē widerum
271 1126 1122 1201 finden vnd keins manglen werde. Weiters
271 1179 1125 1253 hat er ſich auch / wie er jm an Gelt kein man⸗
271 1234 1122 1308 gel laſſen woͤlle / hoͤren laſſen. Petrus nam
271 1289 1119 1369 die ſach mit jhm an / vnd verſprach jm in vier
268 1347 1120 1427 oder fuͤnff tagen an dem ſelben ort widerum
271 1404 1124 1481 zuerſcheinen. Alſo iſt er auff ſolches mit ſei⸗
268 1462 1122 1541 nen geferden fuͤrbas das Vieh zuerkuͤndigen
271 1526 1125 1592 gezogen / vnnd nach vier tagen wideruntb zu
269 1574 1120 1689 dem reuter / wie abgeredt / kommen / Derihn
1030 1644 1119 1735 alſo
