1161 1997
91 113 877 176 boͤſen Geiſter / Das V. Bůch. 52
34 166 877 242 alſo bald fragt / ob er jhm ſein drenſt zuleiſten
31 222 877 294 prbuͤttig ſeye. Darauff jn Petr us fragt / wer
31 279 882 344 er doch were? Er antwortet: Ich binn ein
34 336 879 407 knecht deß groſſen teufels in der Hell. Aber
39 389 882 470 foͤrcht dir nicht. Alſo hat jhm auff ſolchs Pe
34 454 884 522 trus ſeinen dienſt angebotten / doch mit dem
39 504 887 584 geding / daß er jhm ſeiner verheiſſungen nit
38 560 886 629 hinder ſich gange. Darnach hat er / von dem
34 617 877 692 offtgemeldē ſchwartzē reuter alſo abgericht /
43 670 886 748 Gott d H. Jungfrawen Maria / allen heili⸗
44 728 882 805 gen vnd einwonern deß Paradiß / dem tauff
43 785 889 857 vnd Chriſam abgeſagt / vnd als ſolchs beſche
43 842 887 916 hen / hat er jm ſein lincke hand / welche gantz
44 896 886 975 ſchwartz als ob ſie erſtorben / darzu eißkalt /
43 950 887 1028 zukuͤſſen angebotten. Nach ſolchem iſter
44 1008 894 1086 auff die knie nidergefallen / dem Teuffel mit
44 1070 892 1144 entdecktem haupt reucrentz entbotten / vnnd
46 1123 897 1198 ein herren genennet. Ihm warde auch vn⸗
46 1181 896 1246 der anderm / das er die artickel deß Chriſten
46 1234 899 1309 licher Gſaubens nimmermehr erzalte / her⸗
48 1293 896 1361 tiglich verbotten. Alſo iſt er volgends zwey
51 1347 902 1421 gantze jar in deß Teuffels dienſt blieben / das
48 1402 901 1469 er in kein Kirchen nie kommen iſt / deñ allein
51 1464 899 1531 zu end der Meß / oder zum wenigſten nach
53 1516 904 1590 dem vnd das Weihwaſſer geſegnet geweſt.
54 1572 904 1675 Denn exjemit dem ſelbigen nicht hat wol⸗
834 1637 907 1707 len
