1187 1997
276 119 1003 186 gꝛ. Von verblendung der
271 173 1120 249 len beſpruͤtzt werden. Es hat jhm aber ſolchs
271 231 1118 307 ſein Lehrmeiſter befohlen / welchs nailien jm
271 292 1117 357 ein zeitlang onbewuſt / jedoch letſtlich das er
269 341 1118 422 Moyſes hieß / ſich hoͤren laſſen. Hiezwiſchen
269 401 1117 477 ward Petro / wie er ſein Vieh ſchuͤtzen vnd
269 455 1115 525 ſchirmen moͤcht kein bericht geben / Sonder
266 512 1117 592 es ließ ſich anſehen / als ob der teuffel ſolches
268 569 1115 647 ampt vber ſich genommen hette / alſo das /
268 624 1107 705 wann woͤlff etwan vorhanden / ſie das Vieh
268 680 1053 753 ongeſchendet von jm abgetriben warden.
324 737 1113 812 Nach dem vnnd aber die 2. Jar fuͤr vber /
264 795 1118 867 vnd er das hirtenampt auffgeben / hat er dem
264 848 1113 930 Teuffel nicht ſo viel mehr / als aber vorhin /
264 913 1113 981 nachgefragt / derhald die Kirchen beſucht /
264 960 1115 1033 vnd ſeins glaubens bekanntnuß gethan / vnd
263 1020 1112 1093 daß auff die 8.oder 9.jar getrieben / biß daß er
261 1073 1115 1146 von Michel Verdung widerumb an vorge
259 1131 1115 1203 meltem orth ſeinem alten meiſter zůhulden
259 1188 1113 1264 vermant / ſolches auff ein neuwes eingangen
259 1246 1115 1319 iſt / doch mit dem anhang / das er jhm das gelt
258 1301 1118 1372 ſo er jhm verſprochen on verzug erlegte. Al⸗
256 1354 1115 1429 ſoſind auff ſolches auff ein abend ſpat in ein
261 1416 1115 1487 Wald in der gegne Chaſtel Charlon zuſam⸗
254 1477 1113 1547 men kommen / da man denn etliche / ſo jhnen
256 1524 1115 1604 vnbekannt / dantzen vnnd ſpringen ſahe. Vn⸗
256 1582 1112 1669 derm aber erblickt Petrus in eines je⸗
1032 1662 1117 1717 den
