1160 1997
71 113 878 184 boͤſen Geiſter / Das V. Bůch. 52s⸗
26 168 882 241 den hand ein gruͤne kertzen / welche ein blau⸗
24 224 880 299 wen duncklen flammē von ſich gab. Auff ein
26 282 878 352 andere zeit ward jm von Michel Verdung
24 339 882 412 angebotten / ſo ferꝛ vnd er jhm glauben geb /
26 399 882 465 wolt er verſchaffen / das er / wie leichtlich er
29 457 883 524 jmmer wolte /lauffen mocht. Welches Pe⸗
28 509 883 574 trus mit jm angenommen / ſo ferꝛ vnnd dem
26 564 883 629 verheiſſen ſtatt geſchehe / vnd das verſprochē
31 620 882 692 gelt erlegt wurde / ſonſt muͤſte er beſorgen das
26 677 880 752 ein trug hinder der ſach ſtecke. Darauff jhm
28 738 880 797 Michel / er woͤlle jm gelt bey der ſchwere ver⸗
33 792 882 855 ſchaͤffen / verſprochen / vnd hiemit in nackend
28 852 880 910 auſigezogen / mit einex ſalbe ſo er bey jmtrug
29 901 882 976 geſchmiret / daruon jn denn gentzlich / wie er
29 963 883 1028 zu einem Wolff verwandlet wer worden / be
28 1015 883 1081 dunckt. Er erſchrack auch ab ſeinen eigenen
31 1070 883 1143 fůͤſſen vnnd haar / dieweil ſie ſich als wolffs
31 1126 887 1201 fůͤß vnnd wolffshaar anſehen lieſſen. In ſol⸗
28 1184 887 1254 cher Wolffsgeſtalt / gab er fuͤr / wer er ſchnel⸗
28 1238 888 1313 ler deñ kein Wind dahin gelauffen / welches
28 1294 885 1372 wo jhm ſein Meiſter nicht darzu gcholffen /
28 1359 888 1417 nimmermehr hett muͤglich ſein moͤgen / wel⸗
31 1416 888 1476 cher denn allwegen in ſolchem lauff vorhan⸗
26 1474 890 1536 den war / wiewol er ihn eh das er widerumb
29 1521 893 1597 Menſchliche geſtalt an ſich nam / nicht geſe⸗
31 1579 893 1659 hen mocht. Es fur auch Michel offtge⸗
752 1640 888 1712 meldt /
