1187 1996
269 121 977 189 αε6Von verblendung der
268 177 1122 257 meldt / ſo hald als er ſich geſchmiert / als ge⸗
269 234 1120 314 ſchwind als ein pfeil vom Armbruſt durch
268 294 1122 367 die Luͤfft hinweg / alſo das er auch dem ge⸗
269 349 1123 424 ſicht der zuſehern entwitſcht. Vnd nach dem
269 402 1120 482 ſie ein ſtundt / zwo ſolche Metamorphoſei /
269 460 1122 533 dz iſt verenderung jrer menſchlichē geſtalt er
266 517 1122 588 litten / warden ſie widerum auff ein neuwes
271 572 1122 650 von Michael angeſtrichen / vnd hiedurch wi
268 627 1120 701 der in jhr vordrige form gebracht. Es ward
269 691 1117 758 auch jhnen / den Lehrjungen nemlich beiden /
271 743 1120 816 ein guter theil dieſer ſalbe vonn den zweien
269 798 1115 868 Lehrweiſteren / Guillemin nemlich vñ Moy
269 853 1115 933 ſet / geſchenckt. Als auff ein zeit Petrus ſich
266 908 1122 986 beklagt bey ſeinem Preceptore Moyſet / wie
266 964 1117 1042 er von ſolchem ſchnellen lauff ſo gar laß vnd
266 1027 1118 1099 hellig wurd / hat er jhm zu antwort geben / es
268 1076 1118 1159 ſey nichts / er woͤll jhm bald geholffen haben.
269 1134 1118 1209 Es hatt ſich auch ein mal begeben / daß Pe⸗
266 1192 1108 1265 trus nach dem er ſich geſalbet in ein Wolff
266 1254 1118 1314 verwandlet worden / vnnd ein jung kind an⸗
269 1302 1118 1373 gefallen iſt. Dieweil vnd es aber mit ſeinem
264 1362 1120 1428 lauten geſchrei die leut / fo nit weit vonn dan
266 1417 1117 1485 nen /erweckt / hat er von jhm laſſen muͤſſen.
271 1472 1113 1543 Iſt alſo ſtracks ſeinen kleideren zugelauffen /
269 1531 1120 1613 vnd nach der lehr ſeines Preceptors ſich mit
985 1591 1117 1688 ctwas
