1170 1997
74 99 883 173 boͤſen Geiſter / Das V. Bůch. 327
28 154 885 227 etwas Kreutern geriben / vnnd hiedurch ſein
29 214 887 287 menſchliche geſtalt widernmb an ſich gezo⸗
34 271 888 341 gen. Weiter bekannt er / wie auff ein andere
31 327 888 401 zeit er vnnd Michael in Woͤlff verwandlet
29 382 885 457 ein Weib / ſo erbs einſamlet / zerriſſen haben.
31 445 883 512 Darzu denn der Herr Chuſnee gekommen /
28 497 885 572 an welchen ſie ſich gleicher geſtalt / doch vmb
33 550 883 625 ſonſt / geſetz habend. Sie haben auch beid
29 609 885 682 weitters bekandt vnnd verjehen / daß als ſie
31 668 883 742 auff ein zeit inn Wolffsgeſtalt verwandlet /
31 722 887 797 ein Doͤchterlein vonn vier Jaren angegrif⸗
36 780 888 850 fen / vnnd es gantz vnnd gar / außgenom⸗
31 835 890 905 men den einen arm / auffgefreſſen haben.
34 887 890 966 Es habe auch dieſes junges fleiſchlein dem
33 943 892 1021 Mihael inn ſonderheit wol geſchmecket.
34 1001 892 1070 So dann haben ſie auch verjehen / ſie haben
33 1058 892 1136 ohnlangeſt ein Junge Dochter vmbge⸗
33 1116 893 1191 bracht / jhr blůͤt getruncken / vnnd den hals
38 1168 892 1246 gefreſſen. Gleicher geſtalt haben ſie auch
34 1226 893 1303 die dritte Jungfrauwen hingericht / vnnd
36 1284 883 1362 vonn deß Peters hungerſtotiakeit wegen ſt
34 1339 897 1406 ren das Driftcium Ventriculi deuoriert.
41 1394 898 1471 Sonſt haben ſie auch ein acht oder neun Ja
38 1452 900 1529 rigen Dochter die matten ab gefertiget / wel⸗
36 1507 898 1589 cher Peter mit ſeinen zenen die gurgel abge⸗
36 1562 902 1660 wurgt hatzauß vrſach daß ſie jm vor etlichen
775 1634 900 1709 tagen
