1187 1996
281 121 362 177 528
444 113 1000 186 Von verblendung der
286 169 1138 249 gegen das almuſen / ſo er von jhren begert / ab
283 226 1138 301 a ſchlagen hat. Vnd auff ſolches warmsfůs
284 281 1137 360 Gott zu lob vnd ehren almuſen geheiſchen.
288 344 1133 414 Item hat er bekennt vnd verjchen / wie das er
279 404 1133 469 ein Geiß bey meiſter Peter Bongres acker
279 459 1132 530 vmbgebracht / welche er erſtlich vbel gebiſſen /
279 513 1135 585 als dann die gurgel mit dem meſſer abgeſto⸗
279 565 1133 633 chen habe. Michael ward bekleidet / Petrus
279 622 1132 696 aber nackendig inn ein Wolff verwandlet.
283 678 1132 751 Welcher auch vnder anderem ſich hoͤrē ließ /
278 741 1127 808 wie daß er / wo ſein Wolffs haar hinkomme /
276 791 1132 863 noch dem er menſchliche form widerumb an
278 848 1128 918 genomen / nicht wuͤßte. Sie bezeugten auch /
278 906 1130 979 wie daß ſie in jhrer Wolffs geſtalt mit den
279 961 1132 1036 Woͤlffinen zuhandlen gehabt / vnnd das mit
278 1016 1130 1086 ſo groͤſſem wolluſt / als wann ſie mit den al⸗
274 1077 1132 1149 ler ſchoͤnſten Weiblinen der liebe geſpilt het⸗
278 1129 1132 1204 ten. Es ſeyen jnen auch vnderweilen die zeit
276 1192 1127 1254 jrer verwandlung viel kuͤrtzer / weder ſie aber
279 1249 1130 1310 gern gewelt / worden. Weiters ſind ſie kannt
276 1299 1128 1377 lich vnd anred geweſen / das jhnen von jhren
278 1355 1128 1430 Lehrmeiſteren den Teuflen ein eſchfarb pul⸗
276 1410 1128 1483 uer zuhanden geſtelt worden ſey / init welchē
276 1470 1125 1538 ſie den lincken arm vnd hand angeſtrichen /
278 1525 1128 1601 vnnd hiedurch ein jedes Thier / ſo ſie nicht
276 1581 1128 1669 mehr denn angeriert / getoͤdt haben. Es iſt
1033 1643 1125 1714 aber
