1192 1998
105 133 895 218 boͤſen Geiſter / Das lll. Buch. 35
48 193 893 273 ones ſeltzamme ding / als nemlich Nadlen /
50 251 893 323 Haar / Eyſenwerck / negel / federn / ſchwebel /
48 306 895 382 ſtein / vnd anders mehr / daß aber nicht muͤg⸗
48 361 895 442 lich was daß ſie es je verſchlucken hetten moͤ
50 421 895 491 gen / wenn mans ſchon zů kleinen ſtuͤcklinen
50 476 891 556 zerſtoſſen het / ich wil geſchweigen alſo gantz
48 531 891 606 von jhnen gaben. Daher es ſich denn / daß
46 586 891 669 es etwas wunderbarlichs ſeye anſehen leſt.
48 641 890 719 Aber ſpꝛeche niemandts / wie denn etlich ge⸗
48 697 891 779 halten haben / es bringe der Sathan ſouiel
48 759 893 835 durch ſeine kuͤnſt zuwegen / daß ſolche euſſer⸗
46 815 893 889 lichen ſpecies vnd geſtalten / nicht mehr denn
48 869 893 947 erſcheinen vor den augen vnnd geſicht / ſo iſt
45 924 891 1000 es dennoch nichts deſterminder / ſonder de⸗
48 977 893 1057 ſter mehr ſich darob zuuerwundern: dieweil
50 1038 885 1115 ſich dieſe ding anſehen vnd in allweg betrach
46 1092 891 1168 ten laſſen / als ob ſie in der warheit der natur
50 1147 888 1223 vnnd weſens / der form vnnd geſtallt ſeyen /
48 1200 890 1278 wie ſie ſcheinen / alſo / daß es gantz vnmuͤg⸗
50 1262 893 1335 lich ſcye / daß ſie haben inn den leib des ver⸗
48 1317 891 1395 umntreuwten / etwan durch ein jnnerlichen
53 1370 890 1450 gang / natuͤrlicher weiß hinein kommen moͤ
50 1428 891 1505 gen / aber in der warheit ſindt es nicht natuͤr⸗
48 1486 893 1561 liche geſtallten / vnnd daß es war ſey / iſt da⸗
51 1540 891 1620 her kundbar / daß offtermelte ſtuͤck entwed´s
51 1595 893 1684 durch den Vomitum oder ſeceſſum von dē
666 1661 890 1748 Menſchen
