1177 1998
95 93 885 179 boͤſen Geiſter / Das V. Buch. 5i
35 156 883 239 anlaß hatt / jhn an dem Seil vmbher zů fů⸗
36 219 880 294 rē / da ward der arbeitſelig tropff mit ſolchen
35 268 878 352 idolis vnd voͤrſchwebenden grillenbildern ge
35 324 878 406 naͤrret / mehr vvn der Einoͤde denn des ver⸗
35 382 873 459 leugnens wegen. Derhalben auch der Teuf
36 439 878 522 fel vnterweilen nicht mehr deñ ſcheinende bil
33 492 875 576 der der Woͤlffen aufferweckt / welche dē vieh
33 549 873 636 weder ſchaden zůfůͤgten / noch zůfůͤgen moch
31 607 875 692 ten: oder wenn wir gleich woͤllen nachlaſſen
31 662 870 745 vnd zůgeben / daß es wahre / weſenliche woͤlff
33 720 875 805 geweſen ſeien / ſo werden ſie oͤn allen zweiffel
33 775 876 857 von dem Sathan auff die ban gebracht / vñ
31 830 876 910 wider zůruͤck getrieben worden ſein. Denn
30 885 878 967 in ſumma / es hat der Teuffel einmal dz ſpiel
33 942 876 1030 dahin gebracht / daß er jm Petrum noch her⸗
30 994 875 1075 ier verbund vñ verſtrickte. Welches jm aber
30 1053 870 1138 hachmals / als Petrus das Hirtenampt auff
35 1110 876 1193 geben / vnd ſoͤlche Einoͤden nicht mehꝛ beſu⸗
33 1167 878 1257 chet / nicht mehr hat gelingen moͤgen. Nun
31 1223 878 1312 weitter den dantz ſo Petrus ſoll geſehen ha⸗
31 1280 876 1356 ben / deßgleichen die brennenden Kertzen be⸗
30 1333 876 1421 langend / daß die ſelbigen dung alleſampt vnd
31 1391 876 1478 ein jedes in ſonderheit von dem Teuffel er⸗
35 1446 878 1530 weckt / vnd den augen Petri entgegē geworf⸗
33 1501 876 1593 fen / oder aber im ſchlaff durch den Trauni
35 1558 876 1665 fůrkommen ſeien / das iſt auß dem heiligen
511 1628 623 1704 Cli
718 1635 873 1718 Augů⸗
