1193 1997
271 133 964 213 732 Von verblendung der
276 183 1138 267 Auguſtino / auß den Decretis / vñ guten ſat⸗
276 239 1133 324 ten gruͤnden der Natur im ꝛ vnnd 3 Buch /
278 292 1136 382 auch ſonſt anderßwo genugſam beigebracht
279 354 1141 437 vnnd bezeuget worden. Da denn vnter an⸗
279 412 1139 494 derm / daß die gantz fabel Lycanthropie ( das
281 462 1141 545 iſt verwandlung eins Menſchen in Wolffs
284 520 1139 609 geſtalt) ein lauterer traum ſey / iſt bewieſen
281 574 1134 657 worden. Aber was bedarff es viel wort / ich
281 639 1141 712 kan mich in der warheit nicht gnug verwun
283 688 1139 770 dern / daß doch jrgends einer / der nicht mehr
279 747 1143 837 denn ein kleines troͤpflein rechtſinniges ver⸗
286 802 1139 887 ſtandts in jhm hat / ſol gefunden werden / der
283 857 1143 941 da halt vnd glaub / daß der Menſch / ſo nach
284 916 1138 1001 Gottes Bildnuß vnd gleichnuß erſchaffen /
283 966 1144 1058 auß leib / ſeel vnd Geiſt zůſamen geſetzt / ein
284 1028 1144 1116 Tempel vnd Behauſung Gottes vnnd des
288 1085 1146 1173 heiligen Geiſtes / ein beherberung der ver⸗
284 1138 1146 1226 nunfft / ein organum vnd iñſtrument Got⸗
286 1193 1144 1279 tes des Herren darzů / daß es ehrliche nuͤtzli⸗
291 1251 1143 1341 che kuͤnſt erlernen ſol / verordenet / auffgerich
289 1311 1146 1397 tet ſeines angeſichts halb gegen dem Him⸗
291 1362 1148 1444 mel / ja der wol mag Minor mundus / das
293 1419 1148 1506 iſt die klein Welt genennt werden / welchem
291 1481 1148 1555 auch Gott alle anderen Creaturen vnter⸗
293 1531 1143 1614 worffen hat / als nemlich Schaaff / Ochſen /
294 1589 1146 1690 das Vich des feldts / die Voͤgel des Him⸗
1013 1645 1138 1727 mels/
