1160 1997
93 99 872 181 boͤſen Geiſter / Das V. Buch. 737
23 154 867 232 worts / welches ſo klar leuchtet / ohꝛen vñ zun
28 204 867 297 gen auff ſchlieſſen woͤlle / damit ſie des ſchwe
24 266 867 346 ren jrꝛthumbs vom Hexenwerck / darinn ſie
24 321 873 414 mehrtheils noch ſo tieff ſtecken / entlediget
24 397 223 460 werden.
86 434 875 522 Damit mich aber niemandt zeihen koͤn⸗
26 487 868 577 ne ich verachte es wol / gebrauche mich aber
31 552 873 635 ſchlechter Argumenten / wil ich die vberigen
29 600 872 690 puncten offtermeldten bekenntniß / auch auff
31 659 880 747 das aller kuͤrtzeſt vberlauffen. Vnd fuͤr das
31 718 873 795 aller erſt / ſouiel die ſalbe / mit welcher ſie ſich
33 768 878 860 ſo ſie eines Wolffes geſtalt anziehen wol⸗
33 830 880 911 ten / ſchmireten / belanget: Iſt leichtlich zů
34 883 875 970 mutmaſſen vnnd gantz wol abzůnemmen /
38 941 880 1023 daß es deren Vnguenten oder Salbun en
38 1000 882 1078 eine wirt geweſen ſein / von denen im andern
43 1050 885 1134 Buch an dem ein vnnd dreißigſten Capitel
41 1108 887 1198 weitleufftig iſt gehandelet / vnnd genugſam⸗
43 1161 890 1256 lich angezeigt worden. Alſo daß ſie nemli⸗
43 1223 888 1313 chen einen gantz ſtarcken vnnd vberauß tief⸗
46 1278 892 1364 fen ſchlaff wirt gebracht haben. In welchem
49 1332 892 1427 ſchlaff denn offtermelten Perſonen alles das
48 1387 888 1481 ſo ſie auff ſich ſelbſt bekennt vnnd verjchen /
49 1442 893 1537 als das ſie Woͤlff worden ſein / gantz ſchnell
49 1502 890 1589 dahin gelauffen / Leut vnd Vieh angerennt /
53 1554 887 1662 benē Woͤlffin zůhandeln gehabt / durch
805 1617 893 1680 den
537 1619 708 1697 Ll iiij
