1178 1997
94 139 879 204 boͤſen Geiſter / Das V. Buch. s3
31 191 879 266 Denn zwar ſolche můͤde niergends anderß⸗
31 252 878 324 wo her denn von den ſchweren erſchroͤckenli⸗
33 304 881 377 chen vnd menſchlicher natur abſcheulichen
31 362 881 437 treumen jren vrſpꝛung hat. Wie denn vnter
31 416 886 495 andern ſolchs die jhenigen ſo das Schrette⸗
31 472 884 544 lein (wie man vermeint) truckt / wol erfaren.
33 527 884 599 Aber vnter allē andern / iſt dz auch ein ſtarck
33 584 884 660 argument / daß dieſer gantze handel ein lau⸗
33 642 886 715 tere fantaſey / vnndnichts anders ſey / das ſie
33 697 886 773 vnter anderem / ſich haben hoͤren laſſen / wie
33 750 889 823 daß ſie nach wjderumb entpfangener Men⸗
36 807 889 878 ſchen geſtalt / wo doch das Wolffshaar hin⸗
33 863 889 933 kommen / nicht moͤgen wiſſen. Des pulffers
39 920 893 996 halb / deſſen denn auch in voꝛbeſchriebner be⸗
34 981 888 1048 kenntniffe meldung geſchicht / ſicht es mich
38 1035 893 1114 fuͤrwar auch fuͤr ein gax leppiſchē handel an.
39 1093 894 1159 Denn je niemand mit guten gruͤnden vnnd
38 1144 891 1216 ſtarcken argumenten wirt bezeugen moͤgen /
38 1201 893 1279 daß ſolches jnen von dem Teuffel ſey ange⸗
41 1258 893 1331 geben worden / oder wo gleich ſolches geſche⸗
41 1316 894 1384 hen / daß das pulffer einer ſolchen krafft vnd
43 1372 896 1446 wuͤrckunge ſeye geweſen. Denn wo der
44 1427 898 1499 ſach alſo / wie wolte denn je muͤglich geweſen
43 1486 898 1564 ſein / daß ſolches vergifft pulffer durch eines
43 1546 898 1615 vnuernuͤnfftigen Thiers haar / faͤhl / haut /
46 1595 904 1700 ell: hindurch gedrungen wer / das hertze als
826 1665 908 1742 den
