1202 1997
288 99 998 164 sa2Von verblendung der
289 154 1130 226 lehr Chriſti / vertheidiger vnd beſchirmer ge⸗
288 211 1127 286 weſen) den ſtein weit voigeſtoſſen hat / ſchrei⸗
288 267 1128 332 bet an Donatum der Herrſchafft Aphrica
289 324 1125 389 Tandpflegern auff ſolche weiß: Auß anlaß
286 381 1130 445 der grimmen Richtern vnd Geſetzen / damie
284 439 1125 510 vnd ſie nicht in ewige ſtraff fallen / ſind wir
284 492 1127 557 der meinung / das vnſere feind geſtrafft / vnd
284 545 1123 624 auff die rechte ban gebracht / aber nicht getoͤd
286 605 1128 668 tet werden. Wir woͤllen auch hieneben nicht
283 662 1128 728 das Chꝛiſtliche Diſciplin an jnen verſeumt /
283 717 1130 785 ſonder allein die endliche vnd leibſtraff / deren
278 773 1130 848 ſie ſonſt wol wuͤrdig / geſpart werde. Derhal
279 833 1128 898 ben langt an dich mein freundlich bitt / woͤl⸗
281 891 1128 951 leſt jeder zeit in entſcheidung der Kirchen ge⸗
281 945 1128 1013 ſchefften / es ſey ja die liebe Kirch vñ geſpons
281 998 1127 1071 des Herren Chriſti mit vnbilligkeit angeta⸗
281 1053 1125 1129 ſtet wie ſie jmmer woͤlle / angeſehen diß vnſer
281 1116 1125 1179 treuwe warnung / des Henckersſchwerts ver
283 1163 1125 1241 geſſen. O lieber Son / laß dir cs nit ein ge⸗
281 1221 1127 1289 ringen handel ſein / die bey leib vnnd leben zů
279 1284 1127 1346 behalten / vber welche / daß ſie verbeſſert wer⸗
279 1332 1127 1409 den / vnſer ernſtlich Gebet thůt walten. Zum
279 1396 1125 1464 Marcellino ſchreibt er weiter alſo: Ih bitte
279 1446 1125 1512 dich aber mein Marcelliue / daß dieſer leu⸗
276 1502 1127 1577 ten / ob ſie gleich aller klag kandlich vnd an⸗
278 1559 1127 1652 ted / ſtraff / weder leib noch leben beruͤr / ſon⸗
1053 1612 1138 1680 der
