1200 1997
289 99 988 173 sa4 Von verblendung der
292 156 1140 231 woͤlle / zůhandelen vorhabens ſeye. Zů dem
291 218 1140 286 moͤg auch niemandt / was Gott durch ſolchē
289 272 1140 334 irꝛſal gůts außzůrichten fuͤrgenommen / ei⸗
292 326 1138 394 gentlich wiſſen. In ſumma / man ſol ein mal
289 381 1140 452 ſolche leut nicht von dem leben zů dem todt
289 444 1141 507 hinrichten / auff daß nicht etwan vnter dem
289 499 1141 569 namen der boͤſen auch die guten darauff gan
292 555 1136 625 gen: oder auch den guten / welche den boͤſen /
287 605 1136 673 es ſey jhnen gleich lieb oder leid / dienen muͤſ⸗
289 662 1140 738 ſen / zu kurtz geſchehe. Es wirdt aber ſolchen
291 718 1138 787 Menſchen / wer ſie ja ſein moͤgen / als denn
287 783 1138 852 jr gebuͤrender lohn folgen / wenn / als an dem
287 833 1130 906 letſten vnd groſſen tag des Herren / kein auff
291 893 1135 966 zug mehr / weder vorgehents weſens abrech⸗
289 946 1135 1013 nung / noch nachfolgents newe anſchickung
287 1001 1138 1070 wirt erlaubt werden. Item in erſt angezoge⸗
286 1056 1140 1129 nem Buch ſchreibt er weiter alſo: Auß ſol⸗
287 1113 1140 1179 chem aber allem erfolget darumb noch nicht
287 1169 1140 1234 daß ein jeder Ketzer oder abtruͤnniger leibli⸗
287 1224 1138 1293 chen von der Kirchen Chriſti ſol abgeſuͤnde⸗
286 1283 1140 1354 ret werden. Deñ je viel ſolcher leuten (ſo ferꝛ
287 1339 1138 1412 vnd ſie jhꝛ meinung nicht halßſtarrigklichen
287 1402 1138 1461 hindurch dꝛucken / vnd auch in andere ſtoſſen
287 1451 1136 1521 woͤllen) viel leiden vnd dulden muͤſſen. Eben
289 1507 1138 1579 dieſer Author ſchreibt in dem Buch von der
289 1564 1138 1650 wahren Religion am s Capitel auff ſolche
1016 1627 1136 1712 weiß⸗
