1179 1997
88 113 887 191 boͤſen Geiſter / Das V. Buch. 4.
31 169 885 252 weiß: Wolan ſo woͤllen wir vns der Ketzern
33 229 885 309 gebrauchen / jedoch nit zů dem end / daß wir
29 287 885 362 jren jrꝛthumen beifall thůen / ſonder das wir
29 341 887 417 auß anlaß vñ verurſachung jres heimlichen
29 401 885 479 liſtigen Geiſtlichen auffſatzes / deſter hurti⸗
31 455 885 530 ger vnd wackerer ſein / ob es gleich mit jhnen
26 512 885 594 ein verlorner handel iſt. Dieſen Spzuͤchen
28 570 879 649 des h. Auguſtini ſampt andern dergleichen /
28 622 877 703 welche anzůzeigen nicht ſonders von noͤten /
28 678 877 758 vnterſchreibt auch Chryſoſtomus in der 47
31 735 882 818 Homili vber das iz capitel Matthei: Item
28 792 884 867 in der s Homilia vber das 2 Capitel des er⸗
33 847 884 926 ſten Buchs Moyſe von erſchaffung d welt.
29 901 880 988 Athanaſius vnd die Antiochenſer ſind in jh
29 963 882 1038 rem zwoͤlfftē Tomo gleicher meinung. Vñ
31 1016 887 1100 ſo wir anderſt Seuero Sulpitio glauben
31 1073 884 1156 woͤllen / iſt der heilig Biſchoff Martin wi⸗
31 1128 706 1209 der dieſen Sententz nicht geweſen.
36 1186 887 1279 Volget etlicher fuͤrnemen Juriſten
34 1251 884 1323 cenſur vnd vrtheil von den Unholden / welche
34 1298 879 1377 denn / ſo ferr vnd ſie bůß thůn / leiblicher ſtraff
33 1347 885 1422 entrinnen: Harbey denn auch / das man in ma
34 1391 879 1469 lefitziſchen ſachē nit allezeit allein auff die bloſ
146 1442 782 1511 ſe verjicht fuſſen ſol / bezeugt wirt.
94 1482 887 1569 Die warheit / wie der Philoſophus Ari⸗
36 1547 885 1619 ſtoteles redt / iſt jren allezeit vñ an allen orten
36 1597 880 1695 alwegen gleich:die luͤge (wer anderſt darauff
522 1662 652 1745 Mm
786 1674 885 1745 acht
