1206 1997
291 113 1002 193 46Von verblendung der
294 168 1142 249 acht hat) widerſinnig. Damit nun nit allein
296 224 1146 297 auß Gottes wort vñ der Natur / welches die
296 282 1139 357 rechten zwo ſeulē Herculis ſind / ſonder auch
299 339 1146 421 auß der Juriſconſultoꝛm / welche recht Re⸗
303 391 1142 477 giments pꝛopheten ſind / geſchꝛifften der ſach
304 452 1149 532 gnug geſchehe / will ich / aber mit wenig wor⸗
299 514 1151 587 ten / an welchen orten vnd enden man jr mei⸗
301 560 1149 640 nung finden moͤge / anzeigen. Paulus Gril⸗
303 617 1154 700 landus de Sortilegis io Volumine Tra⸗
304 677 1151 753 dtatuum, queſtio.7. fol. 4. pag. 2. 35. etc.
304 728 1152 815 Deßgleichen die Authores Mallei offtge⸗
303 797 1152 872 melt / gleich an dem anfang des dꝛitten theils
304 845 1154 921 in der 3s frag. In ſumma / wer der hochuer⸗
306 898 1154 985 ſtendigen Juriſten vrtheil ob dieſer ſach zů⸗
306 955 1161 1040 wiſſen begert / mag ſolches auß dem Lateini⸗
306 1011 1159 1098 ſchen Exemplar / dieweil es in Teuſcher zun
309 1068 1159 1154 gen anzůzeigen eben vnanmuͤtig / erkuͤndi⸗
311 1121 1161 1208 gen. Vnd hiemit wil ich dieſes vnd folgends
311 1189 1159 1266 Capitel / dieweil ſie vber einen leiſt geſpan⸗
309 1243 742 1323 net / beſchloſſen haben.
318 1301 1166 1384 Wie man doch die Vnholden / ſo von
313 1361 1166 1426 dem Sathan vmb getrieben / jedoch ohn jhneñ
313 1409 1166 1481 ſelbs niemandt ſchaͤdlich / widerumb zů dem
314 1454 1166 1522 ziel vnd auff die rechte ban bꝛingen ſolle: Dar⸗
314 1501 1167 1570 bey denn auch / daß nicht ein jeder Menſchli⸗
434 1552 1047 1627 cher will ſtraffwůrdig ſey / beige⸗
616 1602 877 1679 bracht wirdt.
1056 1630 1172 1715 Wie
