1179 1997
89 126 872 209 boͤſen Geiſter / Das V. Buch. 547
91 189 879 266 Wie ſol man denn / moͤcht mancher ſpre⸗
31 246 874 322 chen / mit den Hexen handeln? Wieē das wil
29 302 875 376 ich anzeigen / jedoch weñ ich von Hexen redē
29 359 875 432 wil ich alle Vergiffter allzeit außgenomen
33 421 875 492 habē: Fuͤrs erſt bedůnckt mich (doch auff an⸗
28 479 875 545 derer verbeſſerung) dieweil offtermelte Wei
28 527 875 599 ber / wie denn bewieſen / nit mehr denn in jrer
29 582 875 652 fantaſey vom Teuffel geaͤffet werden / vnnd
29 640 874 715 ſie derhalben niemandt warhafftig / ſonder
26 695 872 767 allein durch falſchen wohn / vnd alſo zůreden
26 755 874 822 im traum / ſchaden zůfůgen / ſo were kein beſ⸗
28 808 872 877 ſer mittel denn daß man ſie inn Chriſtlicher
26 863 874 936 Religion auß dem h. Goͤttlichen woꝛt etwas
29 928 872 995 gruͤndlicher vnterrichtete / auch ernſtlich ver
26 983 874 1048 manete ſolchen Teuffels ſtemponeien mit
28 1031 864 1108 fleiſſigem Gebet widerſtand zůthůn / vñ ſich
26 1090 870 1164 dem Herren Chriſto auch ſeiner geliebtē Kir
26 1143 872 1219 chen mit leib vnd ſeel zů ergeben. Da ſolten
26 1199 870 1271 nun billich / beide die Vorſtender vnd gantze
26 1259 870 1332 Gemein jr beſtes thůn. Jene mit lehren vnd
26 1311 867 1386 vermanē / dieſe aber mit ernſtlichem Gebett /
33 1367 857 1441 fuͤr ein ſolches weißlos vnd vom boͤſen wolff
26 1426 865 1502 dem Teuffel verfuͤrten Schaͤflein. Darzů
24 1489 867 1555 vns deñ vnter andern der h. Apoſtel JJacobus
24 1536 869 1615 in ſeiner Epiſtel am  cap. mit groſſem ernſtz
24 1595 869 1675 rmanet: lieben Bruͤder wenn etwan einet
771 1655 872 1730 oder
454 1652 657 1749 Mm i
