1206 1997
286 113 1002 181 s50 Von verblendung der
288 164 1132 237 wo der ſach nicht alſo gelebt wuͤrd / ſo muͤßte
289 224 1137 292 man auch die Melancholiſchen / die Narrn
291 279 1141 346 vnd die Kinder an jrem leib ſtraffen / dieweil
291 332 1141 411 jnen offt vnd dick fuͤrkomt / wie daß ſie etwas
291 392 1139 459 begangen haben / das aber warhafftiglich nit
293 447 1136 517 geſchehen iſt. Was ich aber von denen halt /
291 507 1139 572 welche wie ſie ein hagel oder ander vngewit⸗
291 565 1134 629 ter geſotten haben / auff ſich ſelbs bekennen /
293 617 1111 695 magſtu im andern Buch am zo cap. leſen.
341 713 1141 778 Wie man mit den Mennern vnd Weibern /
294 765 1142 823 ſo die vergifftungen zůrůſten konnen / vnd ſol⸗
298 810 1001 885 che kunſt geůber haben / handeln ſolle,
543 883 906 955 Das letſte Capitel.
421 948 1147 1028 As Geſetz aber ſo Lex Cornelia ge⸗
379 1008 1149 1080 / nennt / ſol niergents anderßwohin deñ
424 1063 1147 1129 auff die Veneſicas / das ißt / Gifftſup⸗
304 1121 1151 1193 pen koͤchinen gedeutet werden. Denn alle vñ
304 1178 1149 1249 jede Weiber / ſo entweders gar toͤdten / oder
304 1233 1147 1306 zum wenigſten kranckheiten anhencken / oder
304 1289 1149 1361 auch ſonſt ein ſchaden durch ettwas gifftes
304 1346 1151 1412 krafft zůfůͤgen / die ſein des namens / der pein
304 1409 1149 1472 vnd ſtraff der Veneficarum werd vnd vnter
308 1456 1154 1524 worffen. Vnnd ſolchen legen die Geſetz jhe
309 1514 1152 1580 nach geſtalt der mißhandlůg ſchwerere oder
311 1569 1156 1664 ringereſtraff auff. Als wenn nemlich etwan
1091 1627 1154 1710 ein
