1192 1998
110 113 881 184 boͤſen Geiſter / Das lll. Buch. 37
45 171 880 238 ding ſo geſchwind / daß ſie niemandts gewar
43 226 881 299 wuͤrd / verquantete / ſo gefalt mir doch baß
43 283 883 351 die voꝛige meinung / daß es nemlich nicht
40 336 883 406 natůrliche / weſentliche ding ſein / ſonder nit
40 391 883 471 mehr denn ſcheinende geſtalten / die ſich vn⸗
40 449 883 521 ter offtgemelter dingen foꝛm vnnd bildnis
41 506 885 579 erzeigen. Daß es aber alſo ſey / iſt aus voꝛan⸗
45 571 880 641 zogner vrſach gnůgſam bezeuget / denn ſie je
41 624 878 694 gemeinlich vnter jhrer geſtalt nicht wirig
40 674 875 744 bleiben / ſonder in kurtzer zeit inn die weiche /
43 727 881 809 feuchte materi / mit welcher ſie außgewoꝛf⸗
43 785 880 862 fen / reſoluirt werden vnd zergehn: Wie ich
43 842 885 919 es denn ſelbs offt geſehen / vnnd mit meinen
41 895 885 979 eignen henden gegriffen hab / deñ wiewol ſie
45 952 881 1032 ſich anfangs (wie voꝛ gredt) anſchen lieſſen /
43 1008 886 1087 als ob es ware / natuͤrliche / weſentliche ding
43 1065 888 1137 weren / vnd etwas herte an jhnen hetten / zer⸗
45 1122 888 1193 floſſen ſie doch (wie gemeldet) vnd zergien⸗
46 1175 888 1252 gen in kurtzer friſt. Souiel der woꝛten Gril⸗
43 1233 881 1305 landi. Cardanus iſt der meinung / daß auch
45 1290 888 1368 die nadlen / bein / haar vnd was des geſchmet⸗
46 1348 885 1418 ters / ſo arm beſeſſen Leut von jhnen geben /
45 1401 888 1481 nichts and´s deñ ein betrug des Teuffels ſey.
73 1471 893 1546 Etliche Hiſtoꝛien beſeſſner Menſchen / wel⸗
48 1525 893 1603 che man vermeint von den Unholden verun⸗
48 1583 276 1663 trewet ſein.
775 1616 896 1703 Das
563 1623 658 1689 e iij
