1172 1997
98 113 879 174 boͤſen Geiſter / Das V. Buch. 5
28 163 869 234 ein boͤſer Sewſack einem guten Juͤngling
29 229 869 289 das trencklein Geh mir nach (wie man es ge
28 276 869 344 meinlich nennt) zůbereit vnd anbietet / vñ hie
28 336 872 401 durch jn entweders von ſinnen vñ vernunffe
31 387 872 455 bringt / oder aber inn ein ſchwere kranckheit
29 447 872 512 wirfft / ſo wirdt es alle gerechtigkeit vnd bil⸗
29 500 874 569 ligkeit erfordern / das ein ſolche / nach dem vñ
33 560 875 634 der ſchaden groß oder klein / ſtreng oder mile
34 615 342 692 geſtrafft werde.
91 667 874 740 Hie wirt nun auch das Geſetz L ex Cor⸗
33 727 877 793 nelia genennet / hoch gelobet: Welcher ein
36 782 879 852 ſchedlich gifft / ein Menſchen hinzůrichtē / zů
33 837 877 910 bereitet oder verkaufft / dſol billich geſtrafft
31 891 875 961 werden. Diſer ſtraff aber ſollen auch alle die /
33 953 879 1025 welche ſolche toͤdtliche gifft offentlichen feil
36 1006 879 1081 haben / oder ſonſt einē Menſchen darmit vm
38 1060 879 1139 zůͤbringen / hinder jnen behalten. Vber das
36 1118 880 1193 alles ſo iſt auch laut einer allgemeinē Rhats
36 1178 879 1243 erkenntniß erkennt vnd beſchloſſen worden /
38 1229 883 1299 daß die / ſo wol nicht boͤſer meinung / aber je⸗
39 1284 883 1356 doch zů boͤſem Exempel einem Weib etwas
38 1344 885 1411 trancks damit ſie ſchwanger wuͤrde / eingebē
39 1401 888 1472 hat / des Lands verwieſen worden / deñ gemel
39 1454 885 1522 tes Weiblein des träcks was es ja geweſt / hat
43 1509 885 1590 ſterbē můͤſſen. Vñ eben durch diſes senatuſcon
46 1579 883 1652 ſultum iſt die prſach dahin gebracht worden /
800 1627 887 1710 das
467 1625 707 1709 Mm iiij
