1204 1997
291 108 992 176 55: Von verblendung der
293 164 1140 229 daß auch die Farbkraͤmer gleicher ſtraffe ge⸗
293 229 1140 287 wertig ſein / auß vrſach das ſie vnbeſinneter
291 277 1144 351 weiſe Wuͤterich das vergifft thierlein Sala
293 341 1139 407 mandram / zů teutſch ein Olm oder Molch
294 391 1144 455 genennt / deßgleichen Wolffskraut vnd an⸗
293 447 1139 514 dere vergiffte ſtuͤck / verkaufft hatten. Hieher
294 502 1144 577 gehoͤrt nun das Geſetz Moyſe im Buch des
293 560 1145 625 außgangs am 22 cap. veezeichnet: Die Ve⸗
291 615 1140 685 neficas ſoltu nicht bey leben laſſen. Durch
291 678 1142 743 welche nichts anders verſtandē werdē mag /
294 733 1147 795 weder wie gemeldet / alle Vergiffter / vů wel⸗
293 783 1147 853 chen man denn allein zů denſelben zeiten ge⸗
293 842 1147 906 wuͤßt hat. Der Hexen halb aber / von denen
294 896 1149 970 wir bißher gehandelt haben / hat man auch zů
294 956 1147 1026 Chriſti / ich wil geſchweigen zů Moyſe zei⸗
294 1011 1147 1081 ten / nit ein eintzig woͤrtlein zůſagen gewuͤßt.
296 1068 1145 1134 Durch die incantationes aber / deren auch
293 1123 1152 1189 bey Moyſe meldung geſchicht / ſollen wir je⸗
296 1183 1149 1243 mandts anders denn die Magos infames /
294 1234 1149 1306 das iſt / die Zeuberer oder Teuffelbeſchwerer
294 1289 1150 1362 verſtehē. Nun daß je die Weiber gleich von
296 1354 1149 1422 anfang her auff das gifft bereiten viel geneig
294 1407 1152 1469 ter denn die Mann geweſen ſeien / das bezeu
303 1461 1152 1529 gen viel achtbarer glaubwuͤrdiger Scriben⸗
294 1516 1152 1580 ten. Es ſchreibt Diodorus im Buch von
296 1572 1152 1659 ſchichten / das etwannein Weibs⸗
1042 1630 1149 1704 bildt
