1172 1997
99 106 879 174 boͤſen Geiſter / Das V. Buch. 52
29 164 874 237 bildt mit namen Hecate zů erſten den brauch
33 221 879 286 des Wolffskraut erfunden / vnnd auch ſonſt
29 277 880 349 in allweg des gifftwercks ſich mit hoͤchſtem
33 334 879 407 fleiß vnterzogen hab. Es haben auch bey den
29 389 880 457 Roͤmern die Weiber zeitlich angefangen di⸗
31 444 882 517 ſe kunſt auff die ban zůbringen. Wie deñ ſol⸗
29 500 882 570 ches einhelliglich bezeugen Titus Liuius im
28 555 883 625 achten Buch / vnd Valerius Maximus im
28 614 885 678 anderen Buch / vnter dem tittel von alten
31 670 880 743 breuchen vnd herkommen. Es thůt ſein auch
31 728 887 798 der h. Auguſtinus an eim fuͤruͤber gehn mel⸗
33 788 890 852 dung im 3 Buch von der Statt Gottes am
34 840 887 905 i7 capitel. Plinius ſchꝛcibt im 2y Buch am 2.
33 893 887 961 Daß die kunſt des Weiblichen geſchlechts
31 951 887 1016 mehrtheils im gifft berciten ſtehe. Denn wo
34 1006 888 1081 iſt doch jrgent ein ort (wie er ſchreibt) daß die
41 1063 890 1133 Vettel Colchis Medea nicht erfuͤllt hab mit
36 1119 890 1194 fabeln / welchen ſie ein anlaß gegebē hat? Als
34 1178 887 1244 wol als auch nach andere / iñſonderheit aber
36 1233 892 1304 die Italieniſche Ciree / welche doch vnter die
41 1289 893 1354 Goͤtter iſt gerechnet worden. VVber dieſe fin
38 1346 892 1419 deſtu auch jren etlich bey dem Poeten Hora
39 1404 890 1469 tio / als nemlich Gracidiam / oder Canidia /
43 1456 893 1524 Saganam / Veiam / ſo von Neapolis buͤr⸗
46 1514 893 1582 tig / Foliam Ariminenſem vnd andere. Der
44 1564 898 1655 enner aber die inn dieſem Spittal kranck
812 1627 902 1702 ſein
499 1629 710 1714 Mm v
