1207 1997
293 106 995 174 fi4 Von verblendung der
296 166 1132 237 ſein gelegen / findeſtu niergendts kein gemel⸗
293 218 1133 287 det. Sonſt liſet man nach von vielen bey an
293 272 1127 351 dern Authorē / als nemlich Mycalen / Erich
291 327 1128 407 to / Dypſadem / Eriphia / Guthrunem / Gy
291 386 1133 457 gen welche Paryſalis d Mutter Cyri Magt
293 444 1133 510 geweſt. Martinam dern Comelius Tacitus
291 500 1135 574 im ꝛ buch Annal. gedenckt / Locuſtam vnnd
294 564 1133 622 ſonſt mehr / von welchen du bey gemeltē Au⸗
291 610 1132 687 thore am end des iꝛ buchs leſen magſt. Es iſtz
289 667 1133 743 ein alt ſprichtwort / wenn man ein Weib des
289 725 1133 798 gifftwercks zeihen wil das man ſpricht: Das
286 783 1135 850 iſt ein Theſſaliſch Weib (wie mas bey Sui⸗
286 842 1135 911 da lißt) vnd das auß der vrſach / daß im Land
286 890 1133 968 Theſſalio diſe kunſt in ſondheit im ſchwang
286 948 1133 1025 iſt gangen. Quintilianus leßt ſich auch im
288 1005 1135 1073 s Buch von vnterweiſunge eines Wolred⸗
284 1060 1132 1133 ners hoͤren: Ein mord wil ich eh von einem
284 1114 1130 1188 Mann / das gifftwerck aber von eim Weib
291 1174 1132 1246 glauben. In Perſide hat man ſolche alſo ge⸗
286 1234 1133 1298 ſtrafft / daß man jnen den kopff auff ein brei⸗
283 1288 1128 1357 ten ſtein legt / alßdenn mit eim andern ſtein /
283 1341 1128 1412 biß daß dkopff zerſchmettert / drauff ſchlůg.
288 1401 1133 1474 Wie man aber mit denen vmbgehn ſol / wel⸗
286 1454 1130 1524 che zů nachtheil der Leuten oder des Viehes
284 1517 1132 1587 etwas giffts zůbereiten / es ſeien gleich Mañ
288 1564 1133 1652 oder Weib / das wil ich einer jeden rechtuer⸗
943 1634 1133 1719 ſtendigen
