1170 1997
98 106 872 174 boͤſen Geiſter / Das V. Buch. sn
26 161 872 241 ſtendigen Oberkeit heimgeſetzt haben / damit
23 214 868 289 ich nicht vbers ziel trette / vnd ſich deßhalben
24 276 867 342 die Oberkeit / ſo von Gott geordnet / vo mir /
26 327 873 399 als hette ich jhr eingegriffen / zñ beklagen ha⸗
26 386 875 459 be. Jedoch ſo will ich noch zu einem Be⸗
28 439 872 517 ſchluß den Sententz ſo die Athenienſiſchen
24 495 875 570 Richter / die Areopagiten genennet / vber das
33 552 877 629 Veueficium gefellet haben / auß Aulo Gel⸗
28 609 880 678 lio anziehen / welcher denn an den Cn. Dola
28 670 875 733 bellam ſo inn Aſia Landuogt dazumal war /
28 722 875 792 dieſe wort lauffen leßt: Es iſt Smyrneiſch
36 782 880 852 Weib hergebracht worden / welche / als ſie
33 838 880 900 denn ſelbſt bekennt / auff ein zeit / beide jhrem
36 890 880 958 Mann vñ Son mit gifft vergeben hat / auß
34 945 882 1016 vrſach daß ſie jhren Son / ſo ſie vom erſten
36 1008 885 1071 Mann gezeuget / einen fromen Jůngling er⸗
38 1056 888 1134 ſchlagen hattē. Solchen caſum hat Dolabel
38 1114 887 1181 la fuͤr Rhat gebracht / Dieweil vnd aber nie⸗
39 1173 887 1241 mand ſein vrtheil vber ſolchen handel fellen
41 1226 888 1299 dorfft / iſt die ſach an die Atheniēſiſchē Areo⸗
44 1289 890 1359 pagitē gebracht wordē / welche beide den klaͤ⸗
43 1337 892 1414 ger vñ beklagte / vber hundert jar habē geheiſ⸗
44 1396 893 1469 ſen widerum komen / ſo woͤllen ſie jhnen ein
44 1451 893 1524 entricht geben. Alſo iſt weder das Vene flciů
48 1509 897 1582 ledig geſprochen / dieweil es die geſetz nit erlei
49 1562 893 1655 d mochtē / noch die ſchuͤldige / dieweil ſie der
788 1622 898 1699 gnad
