1170 1997
99 106 877 176 boͤſen Geiſter / Das V. Buch. n
23 163 875 242 chen herauß fuͤren woͤllen / auch jhres Plato⸗
23 218 875 299 nis vnd Ariſtoteles grillen der heiligē Chꝛiſt⸗
23 272 873 346 lichen Religion vnd Bibelſchꝛifften weit fůͤr
26 329 872 412 ſetzen. Da wirdt ſich in Petri Pomponatif
24 387 878 459 von Mantua Buͤchlein / ſo er von natuͤrli⸗
24 450 880 515 cher dingen heimlichen vrſachen / oder vom
26 500 878 579 zauberwerck intituliert hat / vnd zwar der al⸗
24 560 880 630 ler ſubtileſten Philoſophi voll iſt / der bettel⸗
24 617 880 685 dantz erheben / das wirdt man an allen orten
28 672 882 748 fleiſſig erſuchen / ob man doch jrgend etwas
28 725 882 805 dieſe meine diſputationes vmbzůſtoſſen vnd
28 780 885 860 zů vntergraben finden moͤcht. Aber ich bin
28 835 888 915 ſein warlich vnerſchrocken / wer die Voͤgel
31 893 885 971 foͤrcht / wirdt nicht lang hirſch ſaͤen / wie das
29 950 883 1026 gemein Sprichwort lautet. So ferꝛ vnd ich
28 1008 888 1076 auff die vnuͤberwindtlichen fundament der
29 1066 892 1143 Chriſtlichen Philoſophy gefundiert ſey / wil
29 1119 890 1191 ich alles geſchwetz / es ſey ja auffgemutzt vnd
29 1174 893 1253 gebluͤmt wie es jmmer woͤlle / leichtlich inn
29 1233 893 1301 den wind ſchlagen vnd vernichten. Vnd das
29 1289 888 1357 nit auß mir ſelbs / ſondern nach außweiſung
31 1346 890 1421 der lehr des heiligen Apoſtels Pauli / welcher
31 1401 888 1477 ſeine Coloſſer am 2 Capitel fleiſſig warnet /
34 1461 892 1534 ſich zůhuͤten / daß ſie niemand beraube durch
33 1516 893 1590 die Philoſophi vñ eitele verfuͤrung nach der
36 1565 893 1659 Meuſchen ſatzungen / vñ nach der Welt ſa⸗
713 1629 888 1705 tzungen /
