1207 1997
296 136 366 188 573
454 119 990 194 Von verblendung der
293 178 1137 252 tzungen / vnd nicht nach Chriſto. Deñ in jin
291 234 1132 312 wonet die gätze voͤlle der Gottheit weſenlich⸗
294 292 1135 362 Jedoch ſo bin ich guter hoffnůg / es ſey Pom
289 356 1132 422 ponatius erſtgemeldt vor ſeinem letſten end
288 399 1132 479 auß ſonderbarer Barmhertzigkeit Gottes zů
288 462 1132 527 ſeines jrrthums erkenntnuß / reuw vnnd leid
288 514 1132 585 kommen / vnd nicht ſo Gottloß vñ verrucht
286 572 1133 640 blieben. Denn daß er etwan ein ſolcher gewe
286 625 1128 703 ſen ſey / hab ich von dem beruͤmpten Medico
284 682 1130 757 D. Helidio von Friaul / ſo vor zeiten ſein
289 738 963 815 Diſcipel geweſen / offt hoͤren ſagen.
346 798 1130 873 Fuͤr das ander werden mich ohn zweiffel
284 850 1128 930 etlich eigenſinnige Theologi / als ob jnē von
281 905 1120 978 mir zů kurtz geſchehe / anbellen. Dieweil ich /
279 968 1125 1036 ſo meiner profeſſion ein artzt / die h. Schrifft
281 1026 1132 1088 zů erklaͤren mich vnterwundē hab. Welchen
281 1076 1127 1146 ich kein andere antwort vnd beſcheid gib / deñ
279 1128 1123 1211 daß der h. Euangeliſt Lucas ein Artze zů An
279 1184 1120 1263 tiochia geweſen iſt: Zů dem ſo zele ich mich
279 1251 1125 1321 ſelbs vnter die jenigen / welcher ſinn vnd ge⸗
278 1306 1125 1371 dancken niergends anders hin fehrt vnnd ge⸗
276 1356 1123 1436 richtet iſt / denn daß ſie auß grundloſer Got⸗
276 1414 1118 1489 tes Barmhertzigkeit / vnd vnauß prechlicher
278 1471 1120 1537 gnad Chriſti zů dem Koͤniglichen Prieſter⸗
274 1527 1118 1595 thumb / des der h. Apoſtel Petrus / vnnd der
279 1584 1122 1670 Prophet Eſaias meldung thůn / der jagen
1022 1659 1120 1722 einb
