1184 1998
98 106 882 176 boͤſen Geiſter / Das V. Buch. 550
34 164 879 238 eis komen moͤgen. Daß ich aber etlichen ſo
36 221 882 294 Geiſtliche perſonen woͤllen geneñt ſein / eben
34 279 885 342 zimlich heiß zůgeredt / vnd den beltz ( wie man
36 334 882 402 ſpricht) zimlich erweſchen hab / das hab ich in
33 399 879 456 kein weg inn dieſes handels zerlegung vnter⸗
36 447 879 516 laſſen koͤnnen. Vnd zwar / wenn ich nicht ſo
34 504 880 569 viel zucht vnd beſcheidenheit auß die Theo⸗
34 567 882 624 lo gi erlernet hett / wůrd ich ſie wie ſie mit na⸗
36 617 884 685 men heiſſen / alſo außtruckenlich genennt ha
36 672 884 737 ben. Vnd derhalben iſt es ſach daß es ſie (wie
39 729 882 799 gleublich / verdreuſt / im namen Gottes / ſo
39 792 885 855 ſiehen ſie von jrem ſchendtlichen leſterlichen
39 840 884 907 zauberwerck ab / denn welche nicht mit vmb⸗
41 895 887 967 gehen / die wil ich nicht allein nicht geſchol⸗
36 954 889 1015 ten / ſonder jr gebuͤrend lob vnd ehr bekennet
39 1008 884 1082 haben ) oder aber wo nicht / ſo moͤgen ſie mich
38 1067 882 1133 ob der ſach mit recht ſuchen / ſie werden mich
38 1122 889 1188 ob Gott willnicht on antwort finden. Die
43 1180 889 1250 hochgelet ten / großuerſtendigen belangen / ob
41 1230 889 1298 ich gleich jnē nichts in allweg gethan / ſo hab
43 1292 885 1360 ich in doch zum allerwenigſten diſer ſach fleiſ
44 1348 894 1418 ſiger nathzůtrachten / ordenlicher vnnd ver⸗
44 1403 895 1473 ſteñtlicher dauon zů diſputieren ein anlaß ge
43 1460 895 1523 ben. welchē ich auch / ſo ſie mich eins jrꝛtums
48 1515 899 1580 vberweiſen / nicht allein vnterſchreiben / ſon⸗
44 1576 899 1653 der auch vmb jhr treuwe warnung groſſen
777 1630 900 1694 danck
