1207 1997
289 113 988 183 560Von verblendung der
288 174 1133 242 danckſagen wil. Souiel aber die Herren Ju
288 229 1132 297 riſten antrifft / ſollen ſie es mir nicht verar⸗
289 287 1135 356 gen / das ich das geſetz der zwoͤlff Tafelē von
288 339 1125 414 verzauberung der frucht vnd ernd widerfoch
284 402 1133 469 ten hab. Deñ es je billich iſt / daß mehr in ent⸗
288 452 1132 524 ſcheidung ſolcher ſachen auff das klar Got⸗
286 509 1142 580 tes wort / denn auff der verſtockten Heiden
289 569 1135 634 wahnwitz geſehen werde. Iſt aber jemandt
286 627 1130 690 der dennocht ſcheltens vñ hinderꝛedens mich
286 685 1133 747 nicht erlaſſen wirdt / wolan / ſo wil ich recht
288 733 1135 807 den Herren Gott / mir ſolches mit gedult zů
286 795 1133 863 tragen / gnad zůuerleihen von hertzen auruͤf⸗
286 845 1132 918 fen. Fuͤr das letſt / ſo frag ich den Zaubern /
286 906 1132 971 Teuffelbeſchwerern / Warſagern / Hexen /
289 961 1130 1031 Vnholden / ja dem Teuffel / allem geſpenſt /
286 1013 1130 1088 vnd was dergleichen nit ein pfifferling nach
284 1076 1133 1144 ob ſie mir gleich allzůmal gram ſind / vnnd
288 1128 1138 1193 ſich an mich reiben werden. Denn ich wol
288 1183 1137 1259 vnnd mit vnerſchrockenem hertzen die wort
286 1246 817 1313 Horatij mag hoͤren laſſen:
286 1293 940 1366 Somnia, terrores Magicos, mracula., ſagas,
286 1351 983 1412 Nocturnos lemures, portentag Tbeſſala riſt
286 1396 579 1461 Excipio. das iſt:
286 1446 952 1522 Als was des Teuffels heere macht
286 1507 987 1584 Kom her / ich hett ſein ſchier gelacht.
346 1574 1137 1662 Doch hab ich mich allein ob den gifftkoͤ⸗
997 1642 1137 1719 chinen
