1203 1996
579 136 838 197 5 NDEA.
695 184 778 256 B.
291 249 773 312 von der wurtzel Baaras /
291 294 747 365 auß Babylon zn fliehen /
1056 266 1136 326 334
289 337 499 397 Bacharis /
1061 316 1138 362 192.
287 385 500 444 Baldrion /
1053 350 1136 419 224
1061 400 1133 454 327
289 425 1138 512 Bäpſt / ſo durch zauberwerck zur hoheit Bäpſt
336 482 692 547 licher ehꝛe komen /
1049 494 1136 545 200
289 522 650 597 Baͤren hirn krafft /
1061 540 1129 597 127
291 572 1134 643 Bartholomea ein Weib / ſo ſich wahnwitzis
337 622 1138 690 vnd ſeltzam ſtellte / mit bircken Ciriack wi⸗
342 668 775 730 der zů recht bꝛacht/
1059 671 1133 733 163
289 713 1138 783 Baſilius von Zauberern/ 204
289 761 1139 831 vom eim Bawren ſo mit einem pfeil in den rů⸗
342 813 1016 864 cken geſchoſſen/
1066 815 1131 868 80
289 853 1133 914 ein Baurßmann / in der Inſel beyēligſernm /
332 903 1133 966 nach langwirigem Bauchwehe / als er auff
332 948 1138 1011 ein zeit Cyriack eingenommen / hat er inen
332 999 1133 1057 wurm acht ſchuch lang / eines fingeisdi k /
332 1039 1138 1101 mit gehoͤrntem maul / eim Enten chnabel
332 1089 1121 1149 nit vnehnlich / außgewoꝛffen / 82
284 1129 1133 1199 Benedeiung Gottes in allen zeirlich ē gůtern /
336 1179 1134 1235 ſo wir in ſeinen gebotten wandlen / 18ꝛ
282 1225 1136 1292 Benedictus der neundt mit zauberey zů Ban⸗
334 1274 1128 1332 ſtumb kommen/ 200
282 1315 1136 1387 Beneuenius vonn eim Jauberer / ſo ein em ein
331 1368 1131 1425 pfeil auß beſchworen / 240
286 1407 1139 1477 Bekantnis PetriBcurgeti vñ Michaelis Vex
331 1462 1136 1516 dung / ſo von geſchehen in gegenwerrigkeit
329 1505 1136 1560 A. Johann Boms D. vnnd beyſein vielen
329 1551 1134 1615 zeugen / anno is 2 1. den letſten Decemnb.s21
284 1596 1134 1664 Bekantnis erlicher / ſo ſich in Woͤlff verkert ſein
327 1646 823 1721 gentzlich vermeint haben /
1043 1655 1129 1704 S2α
956 1691 1129 1768 Bekaut⸗
