1186 1997
338 126 604 176 I N D E I.
49 159 911 242 Bekantnis des Teuffels auß S. Barthelomet
98 226 276 276 mandat /
821 216 902 272 284.
48 264 304 331 Benedicten /
822 262 901 307 222
49 296 902 376 Bereuchung eines todten Menſchen zan / 326
49 349 901 427 Bereuchung vnd Recept die kranckheiten dee
99 394 906 470 Viebs abzůleinen / 42) (rener / s
49 439 902 512 Beſeſſen menſch in der landſchafft der Gadae
49 489 899 569 Beſeſſen offtermalen vom Ceuffei hinweg ge⸗
98 534 904 612 tragen / hin vnd wider geſchteifft / mit man⸗
98 575 902 659 cherley zungen geredt / eilichē auch kefferlin
98 625 897 700 oder reucklin auß den obꝛenkrochen/ tio
54 672 901 748 wie die Beſeſſeoen / na h dem ſte woiderumy
98 717 904 795 recht gebracht / nachmain von des Ceuffcls
99 762 899 843 geplerꝛ vñ ſchwacheit zů vndꝛchē ſein / 262
53 825 488 883 Beſchirmung Gottes /
831 815 897 865 103
54 870 361 930 Bilder weihen /
812 858 897 920 297
59 911 548 978 Bildlin der Zauberer /
824 908 899 961 259
53 938 907 1026 alle biloniſſen / auß Ertz / Bley / Hold / ꝛc. dmch
103 1011 554 1065 die zanberer verfluchet /
819 995 906 1051 265
53 1036 756 1121 Biſchoff des boͤſen gefangene leut /
814 1046 906 1090 210
54 1086 774 1163 Blauwfarb brott aus ſech ſerkey blůt /
811 1088 897 1146 147
56 1144 549 1208 das Blůt zů ſtellen foꝛma /
821 1138 907 1186 2 4.1
56 1193 451 1256 das Blůt zůſtellen /
834 1178 904 1228 215
56 1219 909 1303 Bsſer iſt der denn ein Zeid vnd vngleubiger /
106 1271 902 1349 wel her glaubt / daß von jemandte anders /
106 1316 914 1394 dañ allein vom Schoͤpffer aller dingen / ein
106 1364 914 1444 Creatut moͤge erſchaffen / oder in ein andere
109 1427 566 1484 bilonis verk rt werden
844 1407 911 1467 121
59 1454 909 1541 Bryonien wmtzel 323 ( raubt 257
64 1501 914 1584 ſo ein Brcutigam ſeiner Maůlichen krafſt bes⸗
63 1547 917 1627 Bhrger in einem Staͤtttin mit viel vnd mans⸗
118 1610 489 1697 cherlex plagen ang-
538 1605 573 1657 n
861 1592 909 1649 6
543 1637 922 1725 Hu iii B chei
