1192 1998
121 106 898 169 boͤſen Geiſter / Das lll. Buch. 39
60 159 893 234 Als wir aber mit der artzney nichts verſchůf
63 216 900 293 fen noch außrichteten / ſonder ſie viel grim̃⸗
61 271 896 351 ger wardt / ſcheutzlich vmb ſich ſahe / iſt jhr
60 334 901 404 letzlich der vnwill gekom̃en / durch welchen
65 382 900 462 ſie lange / krumme negel / nadlen / mit haar
63 439 905 512 vnd wachs verwicklet außgeſpewet hat / vñ
65 494 905 576 zů letzt gleich auffs morgenbrot / ein ſolches
66 554 906 632 groſſes ſtuͤck / daß es nicht muͤglich / von je⸗
63 609 906 679 mandts alſo gantz verſchluckt zůwerden / ge⸗
63 662 908 739 weſen iſt. Dieweil ſie denn ſolchs zum off⸗
66 720 910 794 termals in meinem beyſein thet / hab ich ge⸗
68 775 908 854 dacht / ſie ſeye von einē boͤſen Geiſt beſeſſen /
68 832 908 909 welcher dieweil er ſolche ding an jhrn vbte /
70 892 913 964 vnſere vnnd aller zuſeher augen verblendet.
73 944 918 1023 Derhalben ſie wie billich was / den Seelen
71 1000 916 1073 artzeten vberliffert / vorgendts mit klaren
73 1060 915 1128 warzeichen vnd argumenten / daß der ſach
73 1120 918 1183 alſo were / bezeuget hat. Denn wir horten ſie
75 1168 918 1248 von kuͤnfftigen dingen / vnd ſonſt vielandere
75 1225 920 1295 ding / ſo beide ſeiner natuͤrlichen kranckheit
76 1280 920 1361 krafft / vnd auch menſchlichs geſchlechts ver
76 1338 923 1415 nunfft weit vbertreffen / verbringen. Soviel
76 1393 923 1468 aus Beniuenio angezogen. Dieſe ding alle
80 1450 923 1528 ſampt / ſindt fuͤrwar im leib des Weibleins
80 1506 925 1585 nicht geweſen / ſonder allein durchs Teuf⸗
81 1560 926 1653 fels betrug vnnd behendigkeit in das Maul
513 1625 620 1696 iiij
746 1625 920 1709 geſtoſſen
