1171 1997
326 126 584 173 IIND E X.
34 161 871 221 Becate zum erſten den Brauch deß Wolffs⸗
78 214 409 266 krauts erfunden /
38 249 719 312 Hagel verwůſtet die frůchte/
801 222 862 276 ss3
786 267 871 321 780
33 301 871 364 von Hans Vatter / vnd ſeiner ertichten verzau
78 346 866 407 berung / 146 bekennt ſein bůberey / 10
33 387 339 444 Hiclas Gottel /
786 399 872 462 147
33 437 874 505 Hex oder Unhold muß etwas mit dem Boͤſen
41 484 622 545 . Geiſt gemeinſchafft haben /
812 497 864 554 30
34 529 877 595 Hexen nicht Bey leben zů laſſen/ 552. a
34 577 869 640 Hexen an das Haupthaar auff zůhencken /
44 629 64 678 .
71 625 159 672 261
34 662 874 735 Hexen / wenn ſie peinlich gefragt / bekennend
79 722 876 773 etwan ein groß Regiſter vieler armen leu⸗
71 767 877 822 ten / die ſie geblendt / gelehmet / oder ande⸗
76 812 877 868 rer weiß gehandlet haben / iſt nichts denn
86 855 471 910 phantaſey /
829 858 879 923 ii
33 895 879 963 der Hexen oder Vnholden erſchroͤckliche Ha⸗
74 948 877 1011 men / io jre gemůͤter aller verblendet /
84 1003 141 1046 10
36 1031 876 1103 Hiſtori / ſo wunderbarlich / von einem beſeß⸗
81 1086 881 1141 nen Magdlin / welchs man von den Unhol⸗
79 1131 874 1189 den veruntreuwet worden ſein / vermeinet /
79 1176 877 1236 dabey auch vom zeichen des heiligē Creutzs
81 1234 458 1279 etwas angezogen /
817 1228 882 1288 21
36 1273 877 1334 Hiſtori von etlichen / ſo ſich dermaſſen ſtelltē /
83 1318 876 1377 als ob ſie vom boͤſen Geiſt beſeſſen/ 142
39 1356 886 1422 Hiſtori von eim kriegßknecht /  eimWirt gelt
86 1409 879 1464 zů behalten geben / deß er jhm darnach leug
83 1456 881 1511 net / des Landtsknechts ſach vertrittfůr Ge
74 1501 884 1555 rich D. Schwartzhenßlin (der boß) vnd da
86 1552 886 1605 der Wirt hefftig leugnet / vnnd daß in der
38 1590 886 1664 Teuffel hinfůhre / wuͤn ſchet / iſt er mit jm hm⸗
519 1642 573 1709 D
692 1639 887 1715 gefahern /
