1194 1997
587 133 834 183 I N D EX.
336 173 536 232 Fefahꝛen /
1049 179 1130 227 702
298 211 1127 276 Hiſtoꝛi von eins Edelmanns Diener / ſo ſich
339 262 1130 322 ſeltz am zůgetragē / wie der Teuffel mit dem
334 312 1127 369 armen Menſchen ſein fatzwerck getrieb en /
339 357 1127 414 vnd darnach wider zů ſinnen kommen / 40
294 401 1130 464 Hiſtoꝛi eines Weibs / ſo von wegen des He⸗
334 449 1127 507 renwercks verbꝛennt woꝛden / 10
293 492 1132 557 etliche Hiſtoꝛien beſefſener Menſchen / welche
338 542 1134 607 man vermeinet von Unholden veruntreu⸗
351 594 875 649 wet ſein /
1002 589 1129 654 28. 45
293 630 1129 693 Ziſtorien in der Cur der Zauberer / 245
294 678 1129 740 Hieronymus vermanet Demetriadem / daß
339 727 1134 787 er ſich offt mit dem zeich en des Heiligē Creu
338 772 1132 833 es an der ſtirnen verzeichne / vnd warumb
343 825 393 880 25
299 862 1007 923 Beliotropius betrůbt das Geſicht /
1045 872 1132 930 225
294 913 794 971 Homeriſche Uledication /
1049 920 1125 968 207
296 955 1135 1020 ſo einer vom Hund gebiſſen/ . 242
296 1003 1132 1061 ſchwartzen Hundts Gallen angezůndet / 327
293 1050 1135 1111 Hulderichen Heuwſeſſer erſtlich ein nagel he⸗
338 1096 1134 1156 r auß geſchnittē / nach ſeim tod aber meſſer /
338 1146 1134 1203 holtz / vñ etwas eiſeren werckzeugs von jm
341 1194 582 1246 genommen /
1067 1194 1115 1251 6t
294 1234 547 1293 Biſperium /
1062 1238 1130 1289 218
293 1274 1134 1349 Byene deß Chiers ſtirnen leder ſtellet zauber⸗
341 1331 527 1396 werck ab /
1049 1332 1129 1394 224
293 1511 587 1565 Jad Sabaoth /
1047 1514 1134 1569 24S
296 1549 1134 1630 Jaſpis Empuſis vnd andern Idoles zu wi⸗
336 1607 424 1659 der /
1057 1610 1127 1665 32
1055 1650 1125 1714 im
