1171 1998
326 139 581 191 I NDE X.
29 188 871 253 um Bauch der Luw wirt etwan ein ſchwartzē
81 241 869 301 lechtiger Reibſtein / růd wie ein Ballen / ge
78 288 867 346 funden / zimlich ſchwer / ſoll gute artzeney
79 336 867 399 ſein den ſchweer geberenden Weibern / ſo
84 381 601 436 ferꝛn er die erde nit Beruͤrt /
804 387 859 442 37
34 434 871 499 Igmarius archiepiſcopus Remenſis / 308
34 489 872 549 dem gedůltigen Job / auß anſchickung des
78 542 872 596 Sathans zům erſten 50. joch Uchſſen / vnd
78 591 876 644 500. EEſelin Hingefuͤrt / die Enaben ſo deren
81 632 874 692 gehůtet / erſchlagen / zum andern 7000.
81 680 876 732 Schaf ſampt den Hirtenbuben durchs feu
79 725 877 779 wer vom Himmel herab verzert / zum drits⸗
76 769 877 827 ten 3000. Camel Hin gefůrt / die Knecht ers⸗
78 814 879 869 legt. Zum vierdten das Hauß zů boden
81 860 876 924 geworffen / vnnd ſeine ſieben Soͤn / ſampt
78 910 876 962 den dreiē Toͤchtern vmbkommen / vber das
74 957 876 1013 alles hat in der Sathan mit einem 6oͤſen ge
81 1000 879 1065 ſchwer / von der ferſen des fuſſes biß zur
88 1050 689 1103 ſcheitel des haupts geſchlagen /
832 1052 864 1120 4
36 1095 877 1165 Job fůr augen zů Haben / 388. 371
38 1150 877 1210 Johannes Uider von Zauberern/ 207
41 1200 881 1255 Johannes der zwentzigſt / vnd Johannes der
86 1250 879 1308 ein vnd zwentzigſt dem zauberwerck erges
84 1290 203 1346 ben/
791 1290 879 1341 200
46 1328 877 1395 Johannes Euangeliſta / nach vberwindung
84 1381 882 1435 aller gifftung einen Teuffel ſd 150. Jar im
84 1425 877 1491 Tempel Diane ſein weſen gehabt / auß ge⸗
88 1480 269 1530 reumet /
791 1475 879 1528 403
41 1511 876 1593 gn ſtatt Iphigenie ein Hindin geſchlachtet /
93 1573 164 1633 129
561 1608 706 1681 Do i
801 1606 886 1674 ein
