1182 1997
288 113 988 184 4o Von verblen dung der
291 169 1127 241 geſtoſſen vnnd hiezwiſchen damit ſie nie⸗
284 232 1125 299 mandts achtete / der vmbſtender augen ver⸗
289 284 1125 359 zaubert vnd verblendet / bald durch den Vo⸗
286 346 1125 417 mitum widerumb heraus geſpeiet woꝛden.
288 402 1125 474 Dieſem aber geben gnůgſame zeugnis des
286 450 1123 527 Oeſophagi oder ſpeißſtraſſe enge / welche
284 509 1123 577 ſolcher materi viel zů klein / deßgleichen der
288 560 1123 639 Ventriculus ſo nach dem erbrechen vnuer⸗
283 617 1125 695 letzt / auch voꝛ dem vomitu / wie vorgemel⸗
283 680 1125 753 det / ſo gſund vnd ſtarck war / welches aber al
281 732 1122 808 les nicht were von ſo ſcharffer / vnebner ma⸗
281 783 1123 863 teri zuerwarten geweſt. Hat der magen ſol⸗
283 838 1122 921 che ding außgewoꝛffen / wenn vnd wie ſindt
278 901 1120 976 ſie denn / ſo vnentpfindtlicher weiß darein
279 960 1115 1031 gebracht worden? oder auch ſo vnſchedlich
279 1016 1118 1081 wider gegeben / voꝛaus vñ ab / dieweil das os
278 1070 1113 1138 ventriculi / ſo entpfindtlich vnd katzrein ißt /
266 1121 1115 1199 daß es leichtlich von einer ſcharffen feuchtig
274 1183 1113 1256 keit / hertiglichen gepeinigt werden mag? Ei
273 1239 1117 1306 ner vom Adel / mit nam̃en Meinerus Clat⸗
274 1288 1115 1362 ſius / auff dem Schloß Bontenbrouch im
276 1344 1117 1421 Hertzogthumb Guͤlch gelegen / ſeßhafft / hat
273 1402 1112 1479 einen Diener / ſo Wilhelm genennt / dieſer
273 1457 1113 1537 als er vngefehrlich voꝛ vierzehen jaren / von
271 1517 1107 1595 einem boͤſen Geiſt geplaget / ward er erſtlich
269 1572 1112 1665 fůr kranck geachtet / derhalben er / aus an⸗
932 1632 1124 1729 ſtifftung
