1188 1997
568 113 831 159 IN D-E I
336 149 1128 222 einem heimlichē Dieben die hand im Sack
338 196 1129 266 erwiſchen / oder eine Hexen ſchedigē / ꝛc. 221
291 239 1131 314 Magi infamee / Teuffels beſchwerer / Zaube⸗
336 287 1128 359 rer / Schwartzkůnſtler / dieweil ſie nicht ei⸗
336 334 1124 412 ner zunfft / ſind ſie auch nicht gleicher ſtraß⸗
334 381 534 442 fe wirdig /
289 406 481 489 Magus /
1039 396 1124 452 428
293 467 1009 537 Magnet zeucht eiſen an ſich /
1049 445 1119 497 431
289 517 1124 592 ein Mann oder Weib / in welchen ein Dytho
1038 484 1124 545 3i6
334 564 1123 637 oder Wahrſager Geiſt ſein wirt / ſolles des
333 610 618 667 todts ſterben /
288 654 1124 727 Maͤnnlich Glied mag nit durch zauberwerck
1038 632 1118 682 441
333 702 1124 777 hingenomen werden / aber der Teuffel kan
331 755 1123 818 wol durch natůrliche mittel die natůrliche
334 793 701 853 krafft verhindern /
284 840 1123 915 wie mit den Mennern vnnd Weibern ſo die
941 815 1121 860 106. 107
329 887 1119 965 vergifftungen zůrůſten koͤnnen / vnd ſolchs
326 933 1118 1003 gebraucht haben / handeln ſolle / 570
281 983 1123 1053 gemachte Maͤnnlin / die die Landtfahꝛende
328 1026 969 1095 Bꝛillenreiſſer / vmbfůhꝛen /
279 1070 1123 1149 ein Maͤgdlein hett ein Schlangen im Mla⸗
1029 1043 1118 1103 320
329 1118 428 1174 gen /
281 1153 1118 1238 eim Mlägdlein / ſo einer die The verheiſſen / vñ
1073 1141 1108 1196 3:
323 1213 1119 1289 darnach ein andere genommen / der boͤſe
323 1258 1119 1334 Geiſt in eines feinen Juͤnglings geſtalt be⸗
319 1298 1119 1381 kommen / vnd von jr alle Heimligkeiten er⸗
321 1346 499 1404 foꝛſchet /
271 1394 1113 1474 Maleficio affēcti, oder veruntrauwt / qui dicantur.
1054 1367 1098 1432 67
271 1484 1113 1564 von Marco Seruilio Houiano Giſtoꝛi / 300
271 1534 1114 1615 Marcellus Biſchoff zů Apameia / das zeichen
314 1589 1114 1677 des Creutzes ins waſſer / ſo mit dem Flan⸗
1029 1650 1111 1714 ben
