<?xml version="1.0" encoding="UTF-8"  standalone="yes"?>
<PcGts xmlns="http://schema.primaresearch.org/PAGE/gts/pagecontent/2019-07-15" xmlns:xsi="http://www.w3.org/2001/XMLSchema-instance" xsi:schemaLocation="http://schema.primaresearch.org/PAGE/gts/pagecontent/2019-07-15 http://schema.primaresearch.org/PAGE/gts/pagecontent/2019-07-15/pagecontent.xsd">
  <Metadata externalRef="https://content.staatsbibliothek-berlin.de/dc/813172837-0606/full/full/0/default.jpg">
	<Creator>escriptorium</Creator>
	<Created>2023-03-06T11:57:59.956234+00:00</Created>
        <LastChange>2023-03-06T11:57:59.956250+00:00</LastChange>

  </Metadata>
  <Page imageFilename="605_3a0fe_default.jpg" imageWidth="1192" imageHeight="1997">

    
    <TextRegion id="eSc_textblock_156dacd7"  >
      <Coords points="605,126 844,126 892,173 1150,186 1143,1709 925,1709 912,1657 992,1624 917,1615 519,1615 437,1655 339,1642 339,1551 299,1522 293,1462 299,1344 319,1336 293,1289 312,1103 299,898 332,850 299,732 339,690 339,612 299,597 299,552 339,530 339,419 299,397 306,352 339,331 306,173 571,166 605,126"/>
      
      
      <TextLine id="eSc_line_1777141c" >
        <Coords points="845,129 835,126 610,126 596,136 596,166 596,179 855,178 855,166 852,136 845,129"/>
        <Baseline points="596,166 855,166"/>
        <TextEquiv>
          <Unicode>I NDE X.</Unicode>
        </TextEquiv>
      </TextLine>

      
      
      <TextLine id="eSc_line_b87e67ae" >
        <Coords points="1137,184 1120,184 1103,183 1087,183 1070,181 1053,181 1037,179 1020,179 1003,178 987,178 970,176 953,176 937,174 922,173 903,173 903,173 902,171 494,166 487,168 471,168 454,168 437,168 421,169 404,169 387,169 371,169 354,171 337,171 321,171 314,178 306,211 304,221 809,229 810,229 855,221 860,221 864,221 890,231 892,231 894,231 895,231 928,222 1118,231 1120,231 1122,231 1140,221 1142,216 1140,184 1137,184"/>
        <Baseline points="306,211 1142,216"/>
        <TextEquiv>
          <Unicode>Menſchen werden geplaget vnnd angefoch⸗</Unicode>
        </TextEquiv>
      </TextLine>

      
      
      <TextLine id="eSc_line_8ccab4df" >
        <Coords points="349,257 347,269 1137,266 1138,261 1137,224 349,219 349,257"/>
        <Baseline points="349,257 1138,261"/>
        <TextEquiv>
          <Unicode>ten / daß ſie entweders von begangner ſůn⸗</Unicode>
        </TextEquiv>
      </TextLine>

      
      
      <TextLine id="eSc_line_f77b9087" >
        <Coords points="349,302 347,309 387,321 389,321 391,321 487,312 541,321 542,321 600,312 604,312 607,312 640,322 642,322 644,322 734,314 739,314 740,314 772,322 774,322 775,322 840,316 854,314 857,316 879,324 880,324 882,324 933,316 937,316 938,316 947,324 948,324 950,324 952,324 987,316 993,316 1002,317 1045,324 1047,324 1142,317 1143,307 1142,269 349,264 349,302"/>
        <Baseline points="349,302 1143,307"/>
        <TextEquiv>
          <Unicode>de wegen geſtrafft / oder aber bewert vñ in</Unicode>
        </TextEquiv>
      </TextLine>

      
      
      <TextLine id="eSc_line_9141306d" >
        <Coords points="923,307 922,307 920,307 869,317 844,307 842,307 840,307 839,307 810,317 742,306 740,306 694,314 659,306 657,306 655,306 654,306 600,319 599,319 539,304 537,304 536,304 534,304 502,314 487,304 486,304 484,304 482,304 481,304 439,314 362,306 361,306 359,306 357,306 347,312 347,349 346,359 1137,359 1138,356 1138,322 1107,309 1105,309 1103,309 1102,309 1100,309 1080,322 1077,324 943,324 940,321 925,307 923,307"/>
        <Baseline points="347,349 1138,356"/>
        <TextEquiv>
          <Unicode>jrem glaub en geſterckt werden / 9.54</Unicode>
        </TextEquiv>
      </TextLine>

      
      
      <TextLine id="eSc_line_c21e0ecc" >
        <Coords points="1137,356 1120,356 1103,356 1087,356 1070,356 1053,356 1037,356 1020,356 1003,356 998,356 860,359 397,351 387,351 371,351 354,351 352,349 312,349 304,359 304,394 302,409 384,404 424,411 436,412 437,412 439,412 441,412 442,411 451,404 474,411 482,412 484,412 486,412 487,412 494,411 512,404 552,411 582,414 584,414 654,409 709,406 714,409 722,414 724,414 725,414 727,414 764,409 784,406 789,409 800,414 802,414 804,414 805,414 824,409 834,406 898,407 1095,416 1097,416 1138,406 1140,399 1137,352 1137,356"/>
        <Baseline points="304,394 1140,399"/>
        <TextEquiv>
          <Unicode>daß die Menſchen durch keines dings / es ſeye⸗</Unicode>
        </TextEquiv>
      </TextLine>

      
      
      <TextLine id="eSc_line_4b177310" >
        <Coords points="1020,399 1017,399 1015,399 1013,399 1012,399 1012,401 1003,409 923,409 915,401 915,399 913,399 912,399 910,399 908,399 903,399 875,407 849,401 839,397 837,397 835,397 834,397 820,401 799,406 780,401 770,397 769,397 767,397 765,397 754,401 737,406 725,401 717,397 715,397 714,397 674,401 629,406 591,402 537,396 536,396 354,402 354,442 352,447 1128,452 1132,447 1127,399 1090,407 1023,399 1020,399"/>
        <Baseline points="354,442 1132,447"/>
        <TextEquiv>
          <Unicode>was es jmmer wölle / krafft und wirckung /</Unicode>
        </TextEquiv>
      </TextLine>

      
      
      <TextLine id="eSc_line_409fe2e2" >
        <Coords points="1012,447 995,447 978,447 962,447 945,447 928,447 912,447 895,447 879,447 872,445 859,450 844,445 829,445 820,445 809,450 644,445 629,445 612,445 597,444 589,444 587,444 586,444 559,452 499,444 497,444 496,444 467,452 437,444 436,444 434,444 394,452 366,444 364,444 362,444 361,444 359,444 346,450 347,492 347,509 1138,504 1140,489 1137,452 1013,447 1012,447"/>
        <Baseline points="347,492 1140,489"/>
        <TextEquiv>
          <Unicode>in vnuernuͤnfftige Chier moͤgē verwandelt</Unicode>
        </TextEquiv>
      </TextLine>

      
      
      <TextLine id="eSc_line_96d338fa" >
        <Coords points="356,535 354,545 576,544 577,537 576,505 512,494 511,494 464,502 456,504 452,502 444,494 442,494 441,494 439,494 356,499 356,535"/>
        <Baseline points="356,535 577,537"/>
        <TextEquiv>
          <Unicode>werden / </Unicode>
        </TextEquiv>
      </TextLine>

      
      
      <TextLine id="eSc_line_e9eca4f3" >
        <Coords points="730,537 730,542 767,545 769,537 765,507 730,515 730,537"/>
        <Baseline points="730,537 769,537"/>
        <TextEquiv>
          <Unicode></Unicode>
        </TextEquiv>
      </TextLine>

      
      
      <TextLine id="eSc_line_9632d996" >
        <Coords points="1063,539 1063,550 1135,545 1137,535 1132,492 1060,494 1063,539"/>
        <Baseline points="1063,539 1137,535"/>
        <TextEquiv>
          <Unicode>ii0</Unicode>
        </TextEquiv>
      </TextLine>

      
      
      <TextLine id="eSc_line_2b462643" >
        <Coords points="1083,539 1067,539 1065,537 892,530 890,530 889,530 855,540 854,540 849,540 767,534 767,539 750,539 734,539 730,532 667,540 650,532 649,532 647,532 645,532 644,532 630,540 599,532 597,532 596,532 594,532 592,532 577,542 576,542 557,542 452,537 451,537 434,537 417,537 401,537 384,537 374,537 369,542 369,544 311,544 301,547 302,585 302,602 354,594 496,599 577,602 579,602 581,602 596,597 612,592 630,597 645,600 647,600 649,600 650,600 652,600 657,595 665,592 732,595 854,600 855,600 920,592 930,590 932,590 947,599 948,599 950,600 1113,600 1113,599 1115,599 1138,587 1138,580 1135,540 1085,537 1083,539"/>
        <Baseline points="302,585 1138,580"/>
        <TextEquiv>
          <Unicode>eim Menſchen / ob er gleich das böſeſt Teuf⸗</Unicode>
        </TextEquiv>
      </TextLine>

      
      
      <TextLine id="eSc_line_4fa9be6c" >
        <Coords points="349,630 349,647 1142,647 1142,630 1140,585 349,587 349,630"/>
        <Baseline points="349,630 1142,630"/>
        <TextEquiv>
          <Unicode>fels werckzeug vnmůglich in eines Men⸗</Unicode>
        </TextEquiv>
      </TextLine>

      
      
      <TextLine id="eSc_line_a754f83c" >
        <Coords points="1078,632 1062,632 1045,632 1028,632 1012,632 995,632 978,632 962,632 945,632 928,632 912,632 895,632 879,632 862,632 857,632 812,635 800,635 797,635 785,632 779,632 762,632 755,632 752,635 749,635 719,632 712,632 695,632 680,632 677,635 674,639 544,639 537,637 487,632 479,632 462,632 446,632 436,632 409,637 384,632 379,632 362,632 361,629 346,635 347,677 347,687 367,695 369,695 371,695 589,687 609,687 625,695 627,695 629,695 630,695 659,687 677,695 679,695 680,695 745,687 762,685 814,685 815,687 822,692 822,693 824,693 825,693 827,693 1140,685 1142,673 1138,634 1085,632 1078,632"/>
        <Baseline points="347,677 1142,673"/>
        <TextEquiv>
          <Unicode>ſchen leib ein einiges Graßteuffelin zů be⸗</Unicode>
        </TextEquiv>
      </TextLine>

      
      
      <TextLine id="eSc_line_b1b43067" >
        <Coords points="356,723 356,735 730,728 732,722 729,698 556,698 549,692 537,680 537,678 536,678 534,678 532,678 354,683 356,723"/>
        <Baseline points="356,723 732,722"/>
        <TextEquiv>
          <Unicode>zwingen/</Unicode>
        </TextEquiv>
      </TextLine>

      
      
      <TextLine id="eSc_line_52e35064" >
        <Coords points="1085,720 1083,738 1133,733 1135,723 1133,677 1085,682 1085,720"/>
        <Baseline points="1085,720 1135,723"/>
        <TextEquiv>
          <Unicode>9s</Unicode>
        </TextEquiv>
      </TextLine>

      
      
      <TextLine id="eSc_line_9d2fdfed" >
        <Coords points="684,723 667,723 650,723 634,723 625,728 602,723 600,723 584,723 567,723 559,723 541,728 497,723 484,723 467,723 454,723 427,732 426,732 422,732 317,720 316,720 314,720 312,720 301,752 302,770 302,785 1142,777 1142,765 1138,730 874,730 847,720 845,720 844,720 842,720 840,720 827,728 809,720 807,720 805,720 804,720 802,720 802,722 792,730 792,732 762,732 760,730 695,723 684,723"/>
        <Baseline points="302,770 1142,765"/>
        <TextEquiv>
          <Unicode>in eines Menſchen leib wach ſen etwan wun⸗</Unicode>
        </TextEquiv>
      </TextLine>

      
      
      <TextLine id="eSc_line_ba387831" >
        <Coords points="581,770 564,770 547,770 531,770 514,770 497,770 481,770 464,770 447,770 431,770 414,770 397,770 381,770 364,770 347,770 347,812 346,823 1142,823 1143,815 1143,777 584,768 581,770"/>
        <Baseline points="347,812 1143,815"/>
        <TextEquiv>
          <Unicode>derbarliche ding natůͤrlich er weiſe / die man</Unicode>
        </TextEquiv>
      </TextLine>

      
      
      <TextLine id="eSc_line_47071cc5" >
        <Coords points="1045,815 1040,815 1023,822 977,815 962,815 957,815 937,822 925,815 912,815 905,815 892,822 865,815 862,815 850,815 834,823 832,825 719,825 712,823 655,813 645,813 642,813 630,823 630,825 559,825 556,823 542,813 541,813 539,813 529,813 512,813 496,813 479,813 462,813 446,813 429,813 412,813 396,813 379,813 362,813 361,813 359,813 357,813 356,813 346,818 347,865 349,883 384,875 494,882 507,882 509,882 1138,870 1140,860 1137,823 1073,823 1060,815 1045,815"/>
        <Baseline points="347,865 1140,860"/>
        <TextEquiv>
          <Unicode>felſchlich dem Hexenwerck zů ſchꝛeibet /</Unicode>
        </TextEquiv>
      </TextLine>

      
      
      <TextLine id="eSc_line_7bcf7984" >
        <Coords points="349,906 349,920 419,920 419,906 419,873 349,870 349,906"/>
        <Baseline points="349,906 419,906"/>
        <TextEquiv>
          <Unicode>74</Unicode>
        </TextEquiv>
      </TextLine>

      
      
      <TextLine id="eSc_line_067eefb7" >
        <Coords points="1142,913 772,905 770,905 769,905 767,905 767,906 759,913 695,905 694,905 692,905 690,905 679,915 607,915 519,905 517,905 462,913 422,905 421,905 419,905 419,908 404,908 382,913 322,905 321,905 319,905 317,905 309,908 302,946 302,953 302,966 1147,961 1147,953 1147,945 1142,913"/>
        <Baseline points="302,953 1147,953"/>
        <TextEquiv>
          <Unicode>Menſchen binden vnd knůpffen mit liebe / mit</Unicode>
        </TextEquiv>
      </TextLine>

      
      
      <TextLine id="eSc_line_51391ab9" >
        <Coords points="997,955 985,955 977,958 975,960 973,958 965,955 963,955 947,955 937,955 918,958 908,960 897,958 879,955 864,955 847,955 844,955 829,958 814,960 782,956 764,955 747,955 730,955 714,955 709,956 699,960 690,956 687,955 680,955 664,955 650,955 624,960 610,955 597,955 581,955 576,955 544,960 524,955 514,955 504,955 494,960 479,955 464,955 456,955 447,960 437,955 431,955 414,955 412,955 392,960 357,955 347,955 347,1000 347,1008 1140,1008 1140,1000 1140,961 1017,961 1013,960 1005,955 997,955"/>
        <Baseline points="347,1000 1140,1000"/>
        <TextEquiv>
          <Unicode>haſs / mit gefund heit / mit kranckheit / rig</Unicode>
        </TextEquiv>
      </TextLine>

      
      
      <TextLine id="eSc_line_a28dadf8" >
        <Coords points="998,1001 982,1001 980,1001 978,1003 975,1005 953,1003 932,1001 932,1001 915,1001 898,1001 882,1001 865,1001 849,1001 842,1001 830,1005 815,1001 799,1001 782,1001 765,1001 755,1001 737,1005 720,1001 715,1001 699,1001 682,1001 665,1001 650,1001 640,1005 637,1001 632,1001 615,1001 599,1001 582,1001 572,1001 562,1008 504,1008 461,1001 449,1001 432,1001 416,1001 406,1001 399,1008 372,1008 366,1001 349,1001 346,995 299,995 301,1046 301,1065 354,1055 434,1063 436,1063 474,1055 507,1063 509,1063 511,1063 694,1055 709,1063 710,1063 712,1063 714,1063 715,1063 717,1063 730,1053 745,1061 747,1061 749,1061 750,1061 785,1053 835,1061 837,1061 839,1061 860,1053 902,1061 903,1061 965,1053 1140,1061 1143,1043 1140,1006 1013,1006 1010,1005 1005,1001 998,1001"/>
        <Baseline points="301,1046 1143,1043"/>
        <TextEquiv>
          <Unicode>Menſchen am Fluß Chayſe in Vngerlandt ge</Unicode>
        </TextEquiv>
      </TextLine>

      
      
      <TextLine id="eSc_line_d2adf1ad" >
        <Coords points="346,1090 344,1103 1145,1101 1147,1093 1145,1055 346,1051 346,1090"/>
        <Baseline points="346,1090 1147,1093"/>
        <TextEquiv>
          <Unicode>funden woden / inn welcher leiben Dttern</Unicode>
        </TextEquiv>
      </TextLine>

      
      
      <TextLine id="eSc_line_ac40967d" >
        <Coords points="849,1093 832,1093 815,1093 804,1093 720,1100 614,1091 599,1091 582,1091 566,1091 556,1101 554,1101 546,1101 469,1091 466,1091 449,1091 436,1091 429,1098 407,1091 406,1091 404,1091 349,1100 349,1134 347,1139 1137,1149 1140,1138 1137,1101 923,1105 918,1101 913,1096 913,1095 912,1095 910,1095 908,1095 907,1095 895,1101 892,1101 889,1101 860,1093 849,1093"/>
        <Baseline points="349,1134 1140,1138"/>
        <TextEquiv>
          <Unicode>vnd Heidechßlein gewachſen / 82</Unicode>
        </TextEquiv>
      </TextLine>

      
      
      <TextLine id="eSc_line_f7f43170" >
        <Coords points="1030,1138 1013,1138 997,1138 980,1138 963,1138 947,1138 930,1138 913,1138 897,1138 880,1138 864,1138 854,1138 832,1141 817,1138 814,1138 797,1138 780,1138 764,1138 760,1138 750,1141 744,1136 730,1136 720,1136 715,1143 715,1144 576,1144 574,1143 564,1136 564,1136 547,1136 541,1136 476,1143 472,1143 471,1143 454,1136 447,1136 431,1136 416,1136 377,1141 311,1133 309,1133 307,1133 306,1133 298,1138 299,1184 299,1203 421,1193 501,1193 511,1199 511,1201 512,1201 514,1201 516,1201 517,1201 519,1201 521,1199 534,1193 647,1193 659,1198 667,1201 669,1201 670,1201 694,1196 722,1191 747,1196 767,1199 769,1201 849,1201 849,1199 850,1199 852,1199 857,1194 862,1191 925,1193 1128,1199 1130,1199 1132,1199 1133,1199 1145,1189 1145,1181 1142,1143 1038,1138 1030,1138"/>
        <Baseline points="299,1184 1145,1181"/>
        <TextEquiv>
          <Unicode>Mlenſchen vnd vnuernuͤnfftigen Thieren boͤſe</Unicode>
        </TextEquiv>
      </TextLine>

      
      
      <TextLine id="eSc_line_3fcbea69" >
        <Coords points="1098,1183 1097,1183 1095,1183 1093,1183 1080,1191 1067,1198 983,1198 975,1191 970,1186 968,1186 967,1186 965,1186 963,1186 962,1186 957,1191 948,1196 915,1191 870,1183 869,1183 867,1183 865,1183 865,1184 859,1191 855,1193 852,1191 850,1188 849,1188 847,1188 845,1188 812,1191 749,1196 719,1191 689,1184 682,1184 675,1184 665,1189 659,1184 649,1184 632,1184 615,1184 599,1184 582,1184 566,1184 549,1184 532,1184 516,1184 499,1184 492,1184 486,1191 479,1194 471,1191 457,1184 449,1184 439,1184 432,1191 427,1194 419,1191 411,1186 409,1186 407,1186 349,1189 349,1226 347,1231 379,1241 381,1241 382,1241 732,1234 750,1243 752,1243 754,1243 1140,1234 1142,1229 1138,1191 1112,1193 1108,1191 1100,1183 1098,1183"/>
        <Baseline points="349,1226 1142,1229"/>
        <TextEquiv>
          <Unicode>vnd ſchedliche blatern gewachſen / 180</Unicode>
        </TextEquiv>
      </TextLine>

      
      
      <TextLine id="eSc_line_f7395c4e" >
        <Coords points="1030,1229 1013,1229 1002,1229 980,1236 980,1238 834,1238 832,1236 819,1229 814,1229 804,1229 780,1236 762,1229 747,1229 730,1228 725,1228 679,1236 677,1236 659,1228 657,1228 655,1228 654,1228 652,1228 652,1229 644,1236 642,1238 640,1236 615,1228 614,1228 600,1228 582,1236 579,1239 501,1239 497,1236 484,1228 481,1228 471,1228 464,1233 457,1228 447,1228 431,1228 414,1228 397,1228 381,1228 364,1228 347,1226 316,1226 314,1226 312,1226 298,1233 299,1278 299,1283 316,1291 317,1291 319,1291 321,1291 342,1283 389,1291 391,1291 434,1283 462,1291 464,1291 466,1291 675,1283 719,1291 720,1291 722,1291 724,1291 724,1289 734,1281 797,1289 799,1291 877,1291 877,1289 879,1289 880,1289 889,1281 915,1289 917,1289 918,1291 1128,1291 1128,1289 1130,1289 1132,1289 1145,1281 1145,1274 1142,1238 1040,1238 1040,1236 1030,1229 1030,1229"/>
        <Baseline points="299,1278 1145,1274"/>
        <TextEquiv>
          <Unicode>Mēſchlicher wahn daß durch etwas ſeltzame</Unicode>
        </TextEquiv>
      </TextLine>

      
      
      <TextLine id="eSc_line_01e75a00" >
        <Coords points="1093,1276 1077,1276 1062,1276 1037,1281 1028,1276 1027,1276 1010,1276 1000,1281 998,1283 850,1283 849,1281 840,1276 827,1276 825,1276 820,1281 819,1281 814,1281 784,1276 777,1276 760,1276 744,1276 734,1276 724,1279 714,1283 704,1279 695,1278 694,1278 677,1278 660,1278 659,1279 655,1283 644,1279 635,1278 627,1278 610,1278 596,1278 592,1279 586,1283 579,1279 576,1278 561,1278 544,1278 527,1278 511,1278 494,1278 477,1278 461,1278 444,1278 427,1278 411,1278 397,1278 344,1278 346,1323 346,1336 404,1328 669,1328 685,1336 687,1336 689,1336 690,1336 700,1336 765,1326 787,1334 789,1334 790,1334 792,1334 809,1326 1142,1332 1143,1319 1140,1283 1100,1276 1093,1276"/>
        <Baseline points="346,1323 1143,1319"/>
        <TextEquiv>
          <Unicode>kunſt der Weiber die leut in vnuernůͤnffti⸗</Unicode>
        </TextEquiv>
      </TextLine>

      
      
      <TextLine id="eSc_line_3d02acd4" >
        <Coords points="859,1321 857,1321 855,1321 767,1329 755,1329 754,1329 744,1321 730,1323 714,1323 697,1323 692,1323 625,1328 615,1328 609,1328 577,1323 564,1323 547,1323 532,1323 526,1326 502,1323 497,1323 481,1323 464,1323 457,1323 454,1326 444,1323 431,1323 414,1323 397,1323 381,1323 379,1323 347,1324 347,1366 346,1377 356,1384 357,1384 359,1384 361,1384 494,1377 526,1376 536,1377 564,1386 566,1386 567,1386 669,1381 730,1377 759,1382 789,1387 790,1387 834,1384 884,1379 902,1386 908,1387 910,1387 912,1387 953,1386 1077,1381 1138,1389 1142,1372 1140,1332 1098,1323 1097,1323 1055,1331 1053,1332 970,1332 967,1331 955,1323 953,1323 952,1323 950,1323 877,1329 874,1329 860,1321 859,1321"/>
        <Baseline points="347,1366 1142,1372"/>
        <TextEquiv>
          <Unicode>ge Thiere ſolten verwandelt werden / 124</Unicode>
        </TextEquiv>
      </TextLine>

      
      
      <TextLine id="eSc_line_3b09a70b" >
        <Coords points="546,1369 529,1367 512,1367 507,1367 364,1372 307,1364 306,1364 304,1364 302,1364 302,1366 298,1369 296,1376 298,1414 298,1421 467,1431 469,1431 471,1431 492,1421 531,1431 532,1431 534,1431 536,1431 561,1419 561,1412 556,1369 546,1369"/>
        <Baseline points="298,1414 561,1412"/>
        <TextEquiv>
          <Unicode>Meerſpinn /</Unicode>
        </TextEquiv>
      </TextLine>

      
      
      <TextLine id="eSc_line_d3d4e820" >
        <Coords points="1063,1417 1062,1424 1102,1436 1103,1436 1105,1436 1107,1436 1137,1427 1138,1421 1138,1384 1063,1376 1063,1417"/>
        <Baseline points="1063,1417 1138,1421"/>
        <TextEquiv>
          <Unicode>124</Unicode>
        </TextEquiv>
      </TextLine>

      
      
      <TextLine id="eSc_line_03926a11" >
        <Coords points="549,1414 537,1414 526,1421 511,1414 499,1414 482,1414 477,1414 447,1424 376,1424 362,1414 349,1414 332,1414 316,1414 299,1414 299,1457 298,1462 1020,1476 1023,1464 1022,1436 815,1434 807,1426 792,1412 792,1411 790,1411 789,1411 739,1411 737,1411 735,1411 710,1422 697,1411 695,1411 694,1411 634,1409 632,1409 630,1409 614,1417 609,1421 591,1417 554,1409 552,1409 551,1409 549,1414"/>
        <Baseline points="299,1457 1023,1464"/>
        <TextEquiv>
          <Unicode>Mleerwaſſer abwaͤſchung /</Unicode>
        </TextEquiv>
      </TextLine>

      
      
      <TextLine id="eSc_line_f4777bca" >
        <Coords points="1137,1427 1080,1422 1078,1422 1077,1422 1052,1431 1055,1464 1055,1474 1145,1472 1145,1459 1143,1449 1137,1427"/>
        <Baseline points="1055,1464 1145,1459"/>
        <TextEquiv>
          <Unicode>322</Unicode>
        </TextEquiv>
      </TextLine>

      
      
      <TextLine id="eSc_line_1fca1a9e" >
        <Coords points="301,1507 299,1516 1135,1522 1138,1511 1137,1467 301,1461 301,1507"/>
        <Baseline points="301,1507 1138,1511"/>
        <TextEquiv>
          <Unicode>Mercurius Triſmegiſtus hat gehalten / daß</Unicode>
        </TextEquiv>
      </TextLine>

      
      
      <TextLine id="eSc_line_76d8247c" >
        <Coords points="978,1511 962,1511 945,1511 928,1511 912,1511 895,1511 879,1511 862,1511 845,1511 829,1511 812,1511 795,1511 789,1511 769,1514 760,1514 759,1514 754,1511 745,1511 729,1511 717,1509 707,1512 702,1509 695,1509 679,1509 662,1509 645,1509 629,1509 612,1509 596,1509 579,1509 562,1509 546,1509 529,1509 512,1509 496,1509 482,1509 346,1511 346,1551 344,1560 1140,1559 1142,1554 1140,1516 982,1511 978,1511"/>
        <Baseline points="346,1551 1142,1554"/>
        <TextEquiv>
          <Unicode>wider der Boͤſen Geiſtern liſt / kein andere</Unicode>
        </TextEquiv>
      </TextLine>

      
      
      <TextLine id="eSc_line_d3886550" >
        <Coords points="344,1597 342,1637 457,1639 459,1639 461,1639 462,1639 466,1635 474,1629 507,1635 526,1639 527,1639 529,1639 539,1635 564,1625 596,1632 597,1632 599,1632 630,1615 655,1615 670,1630 670,1632 672,1632 674,1632 675,1632 677,1632 720,1612 787,1629 789,1629 790,1629 792,1629 815,1619 837,1629 839,1629 840,1629 842,1629 844,1629 860,1615 918,1625 920,1625 922,1625 952,1615 1008,1627 1010,1627 1012,1627 1033,1619 1058,1627 1063,1629 1065,1629 1067,1629 1068,1629 1072,1627 1085,1620 1137,1625 1140,1604 1137,1554 344,1554 344,1597"/>
        <Baseline points="344,1597 1140,1604"/>
        <TextEquiv>
          <Unicode>noch ſichere hut ſex / weder Gotros foꝛcht /</Unicode>
        </TextEquiv>
      </TextLine>

      
      
      <TextLine id="eSc_line_73eddb77" >
        <Coords points="346,1647 346,1667 421,1679 422,1647 421,1604 346,1609 346,1647"/>
        <Baseline points="346,1647 422,1647"/>
        <TextEquiv>
          <Unicode>227</Unicode>
        </TextEquiv>
      </TextLine>

      
      
      <TextLine id="eSc_line_284dc5ca" >
        <Coords points="917,1684 917,1694 915,1720 1008,1717 1022,1720 1062,1729 1063,1729 1143,1715 1145,1697 1145,1662 1090,1652 1088,1652 1087,1652 1058,1660 1057,1660 1035,1645 1033,1645 1032,1645 1030,1645 987,1654 952,1645 950,1645 948,1645 947,1645 930,1652 917,1684"/>
        <Baseline points="917,1694 1145,1697"/>
        <TextEquiv>
          <Unicode>Mlenippus</Unicode>
        </TextEquiv>
      </TextLine>

      
    </TextRegion>
    

    
  </Page>
</PcGts>
