1186 1998
101 119 889 183 boͤſen Geiſter / Daslll. Buch. zi
49 174 886 249 ſtifftung des Geiſts / daß man jhm einen
59 231 886 299 Beichtuatter beſchickt / begert hat / den See⸗
48 288 886 357 lenhirten nemlich / zu Gerad herr Bartho⸗
48 346 887 412 lomeum Panen / welcher denn jeder zeit / die
51 404 882 469 ſo veruntrewt / widerumb zu recht bringen /
49 456 887 529 ſeinen moͤglichen fleiß anwendet: dieweil er
48 517 887 581 denn nun auch zů dieſem Teuffelsſpiel be⸗
46 567 887 639 ruͤfft / hat er / nicht wie ein ſtumme Perſon zů
49 627 886 694 der ſach etwas zureden vnderlaſſen koͤnnen.
49 682 887 755 Als nun dieſem beſeſſenen anfieng der hals
49 737 889 810 zuſchwellen / dermaſſen daß jm auch das an⸗
49 794 891 867 geſicht daruon kolſchwartz ward / vnd man
49 850 892 920 ſich beſoꝛgen muͤſt es moͤchte ihn ſolche ge⸗
49 910 891 977 ſchwulſterſtecken / hat Fraw Judith junck⸗
51 962 892 1035 her Clatſif ehelich gemahel / ſo gar ein Got⸗
53 1023 889 1088 tesfoͤrchtige Matron / das ernſtlich Gebett /
51 1075 891 1150 ſampt jhrm vbngen haußgeſind an die hand
56 1132 894 1203 genommen. Darauff deñ eruolget / das ne⸗
51 1187 894 1252 ben vbrigem geſchmetter / aus Wilhelms
51 1243 894 1310 mund eines Schefers vorfaͤl / kißlingſtein
53 1298 892 1368 vnd ſtuͤcklein derſelbigen / jungfrawen haar /
56 1356 891 1428 fadenknewlein / nadlen / ein ſtuͤck fůtertuch
56 1416 896 1483 aus eines kinds roͤcklein geriſſen. Item ein
59 1476 894 1535 Pfawen federn / ſo er ſelbs vor acht tagen /
56 1526 897 1598 friſch / geſund vnnd wol bey jhm ſelbs / eiuen
59 1581 896 1674 Pfawen außgeriſſen / gezogen waren. Vnd
584 1643 667 1711 t v
777 1638 901 1726 da er
