1175 1997
309 126 570 179 1 NDX.
23 168 664 232 Sciblen an die vberthůr gehenckt /
782 186 852 241 313
24 221 407 277 Silueſtri l l. biſtoria. v. f.
782 229 855 284 457
26 262 863 326 Simon im Hamen Zeſu den Gorē der Son⸗
69 317 439 372 nen zerſchmettert /
760 321 860 381 404
28 359 562 417 Simenis Magi Zauberey /
777 366 865 422 288
28 402 863 467 So zwen ſich Haſſen / daß ſie ſich lieben / 24
28 454 863 519 So ſich einer vor ſeinem Feind oder anderm
74 500 470 557 vnfall bewaren will /
785 505 848 564 255
28 542 722 607 vom Specht / ſo er geeſſen /
775 542 863 599 220
26 590 863 657 in eim Spiegel mancherley geſtalt ſehen / vnd
73 650 447 702 anders außrichten /
773 637 867 693 246
28 682 218 740 Stellio /
793 695 853 747 i7
29 720 868 797 Stein / einer Bonen groß / auß ſmiſtris pulmom⸗
76 788 870 833 bus eines Jůnglings / der an der Sch wein⸗
73 827 868 885 ſucht geſtoiben / aber lang vom huſten ge⸗
74 872 867 928 plagt ge weſen / geſchnitten / 1s. 5
33 916 872 976 Stein wie ſie an den Vlieren vnd Blatern ent⸗
84 966 728 1025 ſpringen moͤgen/
792 965 868 1025 76
31 1013 872 1071 ein Stein auß dem Einge weid gegangen / vñ
78 1066 872 1116 ein anderer raucher farb / vnd eines Gleichs
76 1105 875 1156 lang / auß der Gallen / deßgleichen zwen
76 1151 873 1216 auß den actabulis Matricis auß gehau⸗
79 1199 218 1251 wen /
813 1196 870 1258 76
33 1234 873 1296 Sterben vnders Viech in Egypten/ 180
34 1286 635 1341 ein groſſe Sucht vnderm Dieß /
795 1296 827 1342 i
38 1328 878 1399 Spnochitides bring die Geiſter auß der Hel⸗
83 1386 158 1436 le /
803 1391 873 1441 325
39 1412 882 1491 Syropheniſſe Tochter / vom boͤſen Geiſt vm⸗
84 1471 877 1552 getrieben ward / vom Herren geheilet /
78 1524 163 1599 328
689 1610 883 1685 Sylueſter
