1182 1997
312 129 382 186 42
474 113 1008 179 Von verblendung der
306 173 1138 239 da er befragt / was er doch dieſes jamers vr⸗
309 227 1138 297 ſach ſein vermeinte / hat er geantwortet / jm
306 286 1135 354 ſeye nicht weit von Camphuſen ein Weib /
307 347 1142 411 jhme aber nicht bekandt / begegnet / welche jm
301 401 1140 469 vnter das angeſicht gekaucht habe. Daher
304 450 1143 527 jm denn diſer jamer aller / wie ſie geſehen / er⸗
304 507 1143 577 wachſſen ſey. Als er aber widerumb zů recht
306 564 1145 635 gebracht / hat er geleugnet / vnnd ſich hoͤren
302 624 1140 695 laſſen daß es nicht der geſtallt zugegangen /
306 675 1147 747 ſonder er ſolches zureden von dem Teuffel
306 730 1150 805 angeſtifftet worden ſeye. Auch darbey be⸗
302 792 1143 858 kendt / daß die vorgemelten ſeltzammen ding
304 842 1147 913 in ſeinem leib nicht geweſen / ſonder von dē
302 898 1147 965 boͤſen Geiſt weil ſie eins beſchawt / als bald
306 956 1147 1030 ein anders in das maul geſtoſſen worden ſey.
307 1011 1148 1086 Auff ein andere zeit / geſtalt er ſich gantz freu
304 1068 1145 1139 dig / von wegen / wie er fuͤrgab / daß jhm ein
302 1126 1150 1193 ſeckel mit gelt wolgeſpickt / vom Teuffel ge⸗
304 1178 1145 1244 ſchenckt worden were / welchen er vnder das
304 1233 1145 1303 beth ins ſtro yerſtoſſen hette. Als man aber
304 1288 1147 1356 ſolchen ſůcht ward er lehr gefunden. Dar⸗
306 1352 1147 1416 nach hat man jhm geſehen ein Meußlein
307 1401 1145 1474 aus dem Maul heraus lauffen / darauff er
306 1457 1147 1526 den nechſten vnter das beth geſchloffen vnd
309 1512 1143 1589 ſich beklagt / jm ſey ein meußlein entpfahen /
307 1570 1147 1669 bef alsbald wider mider gelegt / erjehlet / wis
1075 1644 1142 1717 ert
