1179 1997
108 108 894 178 boͤſen Geiſter / Das lll. Buch. 3
54 164 895 237 ers ſchon widerum gefangen hette. Auff ſol⸗
54 221 894 294 ches hat er ſich offt als ob er had an ſich ſelbs
56 281 894 346 legen / oder die flucht nemen woͤlte anſehen
54 336 894 406 laſſen: derhalben als er ein matim Sewkot
54 391 895 464 ligen gefunden vnnd heraus gezogen / ward
54 447 895 514 er kuͤnfftiger zeit viel baß weder noch je ver⸗
58 504 899 577 huͤtet / ſeine Augen aber waren jhm ſo hart
54 564 897 625 beſchloſſen / daß ſie mit keinem gewalt von
53 617 899 683 einandn mochten gebracht werden. Als nun
54 670 897 742 auff ein zeit Juncker Clatſif elteſte Tochter
58 727 897 793 Gertraut jhn beſůcht / vnd daß er Gott den
58 782 900 858 Hermn vmb widerbringung ſeines geſichts
58 838 904 906 anrůfft vermanet / hat er / ſie ſolte fuͤr jn bet⸗
56 895 905 966 ten / ſie angelanget. Welchs beſchehen. Deñ
58 951 902 1025 nach dē ſie Gott den Herrn ernſtlich gebet⸗
58 1008 902 1081 ten / hat ſie nicht ohn groſſe verwunderung
58 1063 904 1136 aller vmbſtendern / ſeine augen widerum ge⸗
59 1116 905 1194 oͤffnet. Es hat jn aber mitler zeit dboͤſe Geiſt
61 1179 907 1251 offt angeſtifftet / er ſolte der Frawen / vnd an
61 1238 905 1306 dern / ſo viel von Gott mit jm laferten / nicht
61 1286 907 1357 ohm geben / von welchem / dieweil er ſelbs ge⸗
64 1344 909 1421 ſtorben / als er ſolchs denn offt in predigen
64 1401 905 1471 gehoͤrt / jhm nicht moͤchte geholffen werden,
68 1456 914 1526 Wie er auff ein zeit ein kuche magd grob vñ
66 1512 915 1582 vnuerſchampt angriff / vnnd darob mit ſei⸗
64 1565 919 1672 ljen genennet / hertiglich beſchul⸗
845 1624 909 1705 iit
