1179 1997
99 106 894 174 boͤſen Geiſter / Daslll. Buch 4
41 163 892 239 iſt einmal der Karch / auff einer ebne / vmbge
44 214 889 294 fallen / ſonſt hat er kein leid noch widerdrieß
43 272 890 357 vom Teuffel nimermehr erlitten / kuͤnfftiger
44 329 892 414 zeit hat er zů der Ehe gegriffen / ein Kind ge⸗
44 386 894 475 zeuget / vnnd iſt noch heutigs tags bey leben.
106 450 885 532 Etliche andere Biſtorien gleichs Argu⸗
46 510 457 580 ments vnd vrtheils.
284 544 671 617 Das VlI. Capitel.
164 602 892 687 ES Seckelmeiſters Son zů Mor⸗
119 665 890 750 Alſe / als er auff ein zeit ein wenig kranck
166 725 894 795 wardt / hat er vermeint jhm ſolche
48 780 894 852 vonn einem Weib / deren er einen Korb
49 838 895 916 mit kraut jhrn Sewen gebracht hat / ange⸗
49 895 899 971 thon ſein / dieweil als ſie jhm darumb ge⸗
51 946 899 1028 danckt / auff die achſeln geſchlagen hette. Da
54 1005 899 1085 her denn der Knab vbel erſchrocken / von ſtun
53 1061 897 1134 denan angefangen kleinmuͤtig zůwerden /
54 1121 899 1196 vnd ſich je lenger je minder wol entpfinden.
56 1173 895 1254 Auff ſolches hat man geſehen ſchwartz vnd
56 1231 904 1313 eſchfarb verwirt Weiber haar ohn anderer
56 1288 895 1366 dingen vermiſchung / durch den ſtůlgang
58 1352 902 1417 von jhm gehn. Vnnd zůletzt viel wunderba⸗
58 1397 902 1479 rer materien als nemlich ſchweinsbuͤrſt / ſo
59 1457 904 1539 noch in der haut ſtacken / vnd ſo trocken von
61 1511 909 1594 jhm giengen / daß ſie in einem papir mochte
61 1567 909 1664 behalten werden / vnderweilen gab er anders
792 1622 905 1700 mehr
