1169 1996
281 126 995 196 46 Von verblendung der
279 181 1122 257 meht dergleichen von jm. Mit ſolchem fatz⸗
279 236 1120 314 werck / wardt er vaſt ein halb jar vmbgetrie⸗
281 299 1120 369 ben / verſchwund aber zů letzt vnnd wardt zů
281 350 1122 422 nichts / wie es denn auch zůuor in der war⸗
281 404 1117 484 heit nichts geweſen war. Ich zweiffel nicht /
281 464 1120 533 es ſein ſolche ſachen von wegen des knabens
279 517 1119 597 vnnd ſeiner Eltern vnglaubens / ergangen.
281 578 1122 650 Dieweil als er anfangs etwas natuͤrlicher
278 630 1122 708 kranckheit an ſeinem leib entpfand / ſie die⸗
279 686 1122 763 ſelbige nicht / wie aber billich / d natur ſchwa⸗
279 741 1122 816 cheit oder Gottes willen / ſonder dem verun⸗
278 793 1119 866 trewen des Weibs zugeſchriben haben. Der
279 851 1115 929 halben Gott der Her aus billichem vrtheil /
278 906 1119 986 ſolchs geſpoͤtt vnd vmbtreiben dem Teuffel
278 973 1119 1039 weiß vnd maß wie vorangezeigt zuuͤben / er⸗
276 1021 1117 1097 laubt vnd vergunt hat / biß daß ſie villeichter
276 1074 1115 1151 hindennahen / jhr jrꝛthumb erkennt haben.
288 1131 1115 1210 Ich hab auch eines fuͤrnemen rhatsfreunds
278 1192 1110 1267 Frawen gekennet / von welcher offt durch
274 1244 1117 1324 den ſtulgang ſandt gieng / als es ſich denn
274 1302 1117 1372 anſehen lieſſe / vnnd das auß fatzwerck des
274 1353 1115 1433 Teuffels vnnd Gottes verhengnis: Die⸗
271 1410 1117 1483 weil / als ſie kranck / ſie zů der verbottnen
273 1465 1115 1546 huͤlff / der Warſagern vñ Teuffels beſchwe⸗
269 1526 1117 1601 rern / wider das klar Edict Goͤttlicher Ma⸗
269 1580 1115 1668 teſtet gelauffen war / vnnd hiemit die Gott⸗
1002 1651 1110 1736 loſen
