1178 1997
294 119 361 176 48
366 106 994 176 — Von verblendung der
288 161 1131 237 Es habe jm auff ein zeit ein fromer einfelti⸗
291 218 1129 294 ger Bawersmañ / der viel baß betrogen wer⸗
286 282 1126 349 den / denn betriegen konntē / vnnd ſein guter
288 337 1128 404 freundt vnnd guͤnner geweſt / angezeigt / wie
284 389 1128 452 er mit einer jm gantz vnbekañten kranckheit
284 442 1128 512 etwan manch jar beſchweret gweſen ſey: Hie
286 499 1124 574 zwiſchen hab er offt aus krafft beſchwerens /
286 554 1128 624 Glaß / Negel vnd haar gekotzet / vnd wiewol
284 612 1129 683 er zů letzt widerumb zů recht gebracht / ſo em⸗
286 667 1121 745 pfinde er doch noch auff dem heutigen tag /
283 723 1126 797 als er jhm ſolchs erzalt / in dem Bauch eines
286 778 1121 850 zimlichē hanffens gebrochens Glaſes / auch
283 837 1123 905 nicht eines leiſen thons / gleich als ob einer
279 890 1124 963 ein gantzen ſack voller glaßſtuͤcklein erſchuͤt⸗
281 948 1124 1020 tet / das jhm denn nicht wenig zuſchaffen ge⸗
279 1006 1124 1070 be: Zů dem ſo horte er je vber die achtzehende
279 1060 1123 1131 nacht vmb ſiben vhren / wenn er ſchon ſonſt
278 1114 1123 1179 der ſtund kein acht hette / ſiben ſtreichen inn
279 1171 1123 1246 ſeinem hertzen / vnd das nun mehr bey achtze⸗
279 1226 1119 1303 hen jaren / mit groſſer vbergelegenheit. Wer
278 1281 1116 1356 wolt doch hie nicht ſehen / daß in dem hertzē /
278 1339 1119 1404 ſo von einfalts wegen von dem Sathan
276 1392 1119 1464 leichtlich hat vber das Seyl moͤgen gewoꝛf⸗
276 1451 1119 1524 fen werden / des Teuffels werck vnd vexati⸗
278 1506 756 1597 o ſich erzeigt haben?
999 1564 1121 1665 Von
