1179 1997
98 106 895 176 boͤſen Geiſter / Das lll. Buch. 49
93 169 894 236 Von etlichen Geiſtlichen / Geweichten / be⸗
44 224 890 289 ſeßnen Jungkfrawen / welche man aber ver⸗
44 274 890 342 meinet von den Hexen veruntrewet worden
51 316 144 379 ſein.
271 392 656 450 Das achte Capitel.
53 444 887 525 () VWertetinn der Graffſchafft Hor⸗
53 505 884 574 2nen / ſind etliche Nunnen / wunderbar⸗
46 557 889 634 (Ilicher vnnd grauſamer geſtalt von den
34 624 884 688 boͤſen Geiſtern ein lange zeit vmbgetrieben
33 672 882 743 woꝛdē / welcher Tragedi etwä ein gůts arms
33 728 880 797 weib ſol ein anlaß gegeben haben / deñ als ſie
31 787 882 853 in der Faſten dꝛey pfundt Saltz (der gemein
28 843 880 906 mañ jieñets bey vns ein quart) voͤ den Nun⸗
28 896 879 963 nen entlehnet / hat ſie es jnen zwifach vm das
31 953 882 1025 Oſterfeſt widerumb gegeben. Auff ſolches
28 1013 880 1080 warden auff dem Doꝛmenter weiſſe kuͤgele
31 1066 874 1143 gefůinden / den Zuckererbſen nicht vngleich /
26 1124 879 1189 anderſt daß ſie / als obs geſaltzen zuuerſuchē
26 1178 875 1253 waren / wiewol ſie niemandt eſſen doꝛfft.
26 1234 877 1306 Darnach iſt ebeñ an dem ſelbigen oꝛth / ge⸗
24 1291 877 1361 rad wie eines krañcken / ſeufftzenden / vnnd
28 1347 874 1426 ſich gantz vbel gehabenden Menſchen ſeuff⸗
24 1406 875 1471 tzen gehoͤꝛt worden: Auch vnderweilen ein
28 1461 879 1536 ſtimm / welche den mehitheil Cloſterjungk⸗
28 1517 875 1592 frauwen / daß ſie auffſtuͤnden / mit jren / denn
29 1582 875 1662 ſie gant kranck / zumſewer giengen / erma⸗
777 1645 879 1705 net:
