1187 1998
90 126 876 199 boͤſen Geiſter / Das lIl. Buch. fi
35 183 873 256 vnderweilen eins Manns hoch erhebt / vnd
31 243 873 316 wider fallen gelaſſen. Als auff ein zeit bey
33 296 875 371 dreyzchen gůter Freunden / dieſe krancken
33 357 876 419 Cloft erfrewlein / ſo dazumal ruͤwig vnd wol
31 416 875 477 zumuͤth / heimzuſuchen vnd froͤlich zumachē
33 467 875 532 ſich inn das Cloſter verfuͤgeten / fielen ſie als
30 519 873 596 bald ohn alle ſtimm vud verſtand vnder den
30 576 873 654 Tiſch / etliche aber auß jhnen lagen dort mit
30 634 866 705 vmbgewandten ſchinbeinen vnnd armen /
28 687 870 767 nicht anderſt / denn als ob ſie tod weren. Es
28 749 870 815 war auch eine in die hoͤhe obſich gehebt / vnd
26 802 875 879 wiewol die vmbſtender hand anlegten / wil⸗
26 857 875 935 lens ſie zuheben / ward ſie doch vber ſie erhoͤ⸗
28 912 871 984 het / vnd widerumb von oben herab geſtuͤrtzt /
26 970 875 1042 daß man ſie ſteinhert tod ſein gentzlich ver⸗
26 1027 871 1095 meinet. Als ſie aber volgends / nicht anders /
26 1087 873 1157 denn wie auß einem tieffen ſchlaff widerum
30 1138 870 1210 zů jhr ſelber kam / hat ſie ſich vnuerletzt / auß
26 1195 871 1267 dem Siechenhauß widerumb in das Cloſter
28 1257 870 1323 begeben. Ihrer ein gůter theil giengen nur
26 1305 871 1381 auff den euſſerſten ſchinbeinen / gleich als
25 1363 873 1436 ob ſie keine fuͤß hetten / ſondern dieſelbigen
26 1426 861 1498 lampend / oder in ſaͤcklein hangend / hernach
28 1475 870 1546 geſchleifft wurden / Sie ſtiegen auff die
30 1533 863 1608 Baͤume wie die Katzen / krochen auch auff
26 1588 868 1694 die aſt hinauß / on alle jrsleibs verenderung.
590 1688 658 1728 *
