1176 1996
309 133 993 202 s2Von verblendung der
306 182 1144 256 Es hat ſich auch vnder allem andern auff
306 237 1152 309 ein zeit begeben / als die Můͤtter / wie ſie es in
309 296 1152 374 Cloͤſtern heiſſen / in dem Creutzgang mit der
306 350 1156 429 Edlen vnd Tugentreichen frawen Marga
306 407 1152 475 retha / Graͤffin zů Beuren ( welcher d Vat⸗
306 470 1152 533 ter aller barmhertzigkeitin der aufferſteñtnis
306 523 1149 588 der Gerechten woͤlle eingedenck ſein) ſich vn
306 575 1146 648 derꝛedet / daß jr auß der hufft ein ſtuck fleiſch
306 633 1151 703 herauß geriſſen ward / daruon ſie ſchmertzēs
306 688 1151 763 halben ein lauten ſchrey ließ / vnd als bald in
304 743 1152 811 ein Bettlein gelegt ward / Die wunden aber
304 800 1149 876 war zum theil blaw / zum theil ſchwartzlech⸗
306 856 1156 928 tig / jedoch ſo heylet ſie. Es hat ſich auch be⸗
307 913 1156 986 geben / als zwo auß des verzauberten Clo⸗
307 973 1152 1044 ſters Nunnen bey einander ſaſſen / lacheten /
307 1024 1156 1099 froͤlich waren / vnnd ſich mit einander von
307 1081 1154 1156 einer ſchwartzen Katzen vnderꝛedten / welche
307 1137 1147 1205 vonn einer Frauwen / die ſie nannten / auff
307 1194 1154 1262 dem Doꝛmenter in einen Koꝛb gethan we⸗
307 1247 1154 1325 re: daß eine auß den vbrigen Nuͤnlein / wel⸗
307 1307 1152 1378 che aber in voꝛgemeltem Spital nicht krack
309 1362 1152 1435 lag / ſolch geſprech gehoꝛt / vnnd der Prioꝛin
307 1418 1151 1483 den aller nechſten angezeigt woꝛden iſt. Der
307 1473 1152 1548 halben ſie ſampt erſtgemeldter / auch ſonſten
306 1530 1152 1606 noch zwo oder drey Chriſtlicher Schweſte⸗
307 1588 1151 1674 ren den Koib geſucht / gefunden / auffge⸗
1024 1653 1146 1728 than /
