1176 1997
291 119 997 194 5α Von verblendung der
291 173 1129 249 jar offentlich gewehret / darnach aber / aller
293 232 1129 307 gemechlichſt / vertuſchet worden. Damit
289 284 1131 361 ich aber auch ob dieſer ſachen mein vrtheil
291 341 1132 417 felle / ſtehet es bey mir alſo: Es hat / daran
291 397 1134 470 denn niemandts zweiffeln ſol / dieſe Cloſter⸗
293 457 1129 530 jungkfrauwen niemandts anderſt denn der
293 519 1134 585 leibhafftig Teuffel beſeſſen gehabt / wel⸗
294 567 1136 635 cher denn auß anlaß des Saltzes vonn dem
296 620 1137 700 gůten Weiblein / wie vorgemelt / wider ge⸗
298 677 1137 755 geben / darnach mit allem fleiß geſinnet vnd
296 732 1136 810 getrachtet hat / wie er doch jhe die ſach an⸗
299 793 1137 867 greiffen moͤchte / daß er die Nunnen inn ei⸗
296 848 1136 911 nem falſchen argwohn des veruntreuwens /
296 901 1136 971 vnnd das vnſchuldig Weib in ein boͤß / vnd
296 960 1136 1025 nimmermehr verbeſſerend geſchrey brech⸗
296 1016 1141 1088 te. Derhalben er die kuͤgelein / gleich als ob
296 1071 1141 1139 es Zuckererbſen weren / darmit die gůten
301 1126 1142 1196 Schweſterlein ſie zuuerſuchen angereitzet
298 1193 1144 1256 wurden / außgeſpreitet: darneben aber / da⸗
298 1238 1137 1311 mit auff das arbeitſelig Weib vor gemelt /
301 1294 1142 1361 rin falſcher argwohn ſiel / verſaltzen hat. Die
303 1351 1144 1421 ſach iſt jm auch gerathen. Es hat aber Gott
301 1407 1144 1477 der H E R R/ ſo ein barmhertziger Vatter /
303 1462 1146 1531 vnd gerechter Richter / dem boͤſen feind ſol⸗
306 1521 1144 1590 ches fatzwerck vnnd langwirigs vmbtreiben
306 1575 1144 1677 jugelaſſen vnd geſtatiet / zů dem zweck vund
1039 1634 1137 1729 end /
