1185 1997
109 113 882 179 boͤſen Geiſter / Daslll. Buch i
44 169 887 241 end / das offtgemeldte Cloſternuͤnlein eint⸗
43 222 885 289 weders bewert / oder aber von wegen jres vn⸗
46 277 885 356 glaubens geſtrafft wurden. Denn es je jhrs
46 334 882 414 ſchwachen / ſchluͤpfferigen glaubens genůg⸗
44 396 878 469 ſame anzeigung geweſt iſt / daß ſie die vꝛſach
46 452 883 527 jres langwirigen / grauſamen frettens / nicht
46 500 883 575 Gott / ſonder einem Weib zůgelegt haben.
41 560 875 630 Daher denn auch das Teuffliſch geſprech /
39 619 885 692 der zweyen Nunnen von dem liſtigen Sa⸗
41 670 883 750 than iſt angebrittlet worden / welcher jhreer⸗
43 727 885 802 logene woꝛt gefuͤhrt hat / damiter dem vn⸗
44 782 885 862 ſchuldigen Weib ein ſchandflecken einbrañ⸗
43 843 883 920 te / auch zů jrer gefengknuß / pein vnd toͤdtli⸗
43 895 880 970 cher marter tapffer am rad anhuͤbe . Iſt
43 956 885 1023 auch die Katz im koꝛb / deren voꝛ gedacht / ein
41 1005 885 1076 ware / natuͤrliche Katz geweſen / wirt ſie ohn
44 1063 890 1139 zweiffel ein boͤſer Geiſt in den koꝛb verſtolen
43 1119 887 1199 habeu : wicwol viel gleublicher / daß es ein
44 1176 887 1249 Teufſel ſelbſt / vnder einer Katzen geſtalt ver
41 1233 888 1304 mumereiet geweſen ſeye. VVnd das neben di⸗
43 1288 888 1367 ſem allem magſtu ſehen lieber Ch iſt / dz dem
44 1342 882 1416 Fuͤrſten dieſer Welt / dem Sathan nemlich /
43 1404 887 1479 von dem Hermn der heerzeugen / ein ziel / dar⸗
43 1462 888 1531 uͤber / vñ ſolt jm der wangſt zerſpꝛingē / nicht
46 1512 888 1585 ſchꝛerten mag / geſteckt iſt. Dieweil er etliche
46 1567 888 1680 offtgemelter nunlein/ ſohoch in den luffter⸗
782 1625 888 1700 hebt /
540 1624 657 1715 d iiif
