1167 1996
288 113 960 182 seVon verblendung der
286 167 1128 236 hebt / niderfallen laſſen / vñ doch one alle ſon⸗
288 226 1127 299 derbare verletzung / als ob ſie auß dem ſchlaf
286 284 1125 355 erwacht / friſch vñ geſund verlaſſen hat. Di
286 335 1125 415 ſer Trggediißt nicht vngleich geweſen / daß
283 397 1127 470 etlichen Jungkfrawen / welche den ſtrengen
286 449 1128 532 geſatzen S. Brigitten ſich vndergeben hat⸗
284 507 1128 580 ten / in einem Cloſter nicht weit von Xanctis
288 567 1123 635 voꝛ zeiten gelegen / begegnet ift / welche auch
284 627 1128 695 auff viel vnnd mancherley wunderbarlicher
286 681 1130 750 weiſe geuexiert warden / deñ jrer etliche gum
286 733 1130 798 peten vnnd ſprangen / auch mehꝛertheils mit
288 783 1128 854 grauſamer erſchꝛoͤckenlicher ſtimm wie die
286 841 1130 916 Schaff blaͤcketen: Vnderweilen warden ſie
284 898 1128 966 mit gewalt in der Kirchen auß jren ſtuͤlen ge⸗
283 961 1130 1027 trieben / da denn jhnen auch offtermals der
288 1011 1132 1082 Weiler oder Schleier von dem haupt hin⸗
286 1066 1128 1141 geriſſen ward. Item der ſchlund / daß weder
286 1124 1125 1199 ſpeiß noch tranck zů jhnen kommen mocht /
283 1180 1128 1252 verſchloſſen. Dieſer grauſam jamer hat an
279 1232 1127 1309 etlichen biß inn das zehende Jar gewehret.
281 1289 1127 1355 Es ward aber die vrſach dieſes alles ſam⸗
279 1345 1125 1418 men einer Jungkfrauwen zůgeſchrieben /
279 1407 1122 1475 welche voꝛ etlichen Jaren / einen Juͤngling /
281 1458 1128 1530 ſo jhre Eltern fuͤr einen Tochtermañ nicht
281 1521 1127 1588 guͤt gehalten / lieb gewunnen hat. Derhalbē
281 1578 1125 1656 als dieſe in hoͤchßem kummer vnnd hertzleid
1008 1636 1123 1709 war /
