1179 1997
99 99 877 171 boͤſen Geiſter / Daslll. Buch 7
41 156 879 236 war / iſt jhr ein boͤſer Geiſt in des Juͤnglings
43 213 880 294 geſtalt fuͤrkommen / vnd ſie ſich in den Dr⸗
41 274 880 349 den zubegeben genoͤtiget / deſſen ſie jhm ge⸗
41 331 877 404 wilfahret / vnnd in den notſtal / alſo zureden /
43 379 880 462 verſperꝛen hat laſſen. Als bald ſie aber einge⸗
43 436 882 519 ſhloſſen worden / iſt ſie / nicht anderſt deñ als
41 492 882 570 ob ſie von jren ſinnen gekommen / menigkli⸗
41 552 882 629 chen zů einem vielfaltigen Spectackel vnnd
43 605 884 687 ſchawſpiel worden. Welcher vnfal / nicht an
39 664 885 740 derſt / denn wie ein erbſucht / auch ſonſt viel
46 717 879 800 Jungkfrawen hertigklich angegriffen hat /
41 780 884 848 welche denn / von jrer eigenen bekañtnis we⸗
44 830 884 910 gen / ſie fuͤr einen vꝛſpumg vnnd brunnen al⸗
43 893 884 970 les dieſes ellends gentzlich gehalten haben.
46 941 887 1023 Nachmals als ſie gefangen / vnd anderſtwo
44 1000 885 1075 hingefuͤrt worden iſt / hat der Thurnhuͤter zů
43 1066 887 1131 dem andern mal ein junges bey jhr gezim⸗
43 1118 890 1193 mert. Letſtlich aber iſt ſie widerumb ledig ge⸗
43 1171 889 1251 laſſen worden / vnd volgends ohn allen arg⸗
44 1226 889 1298 wohn jr vbrig leben verſchlieſſen. Es iſt aber
44 1283 895 1354 dieſes alles nichts / denn ein lauters Teufels
48 1341 890 1422 geſpoͤtt geweſen / alſo krefftig abgegangen /
48 1401 895 1472 daß die arbeitſelige Jungk frauw / der din⸗
51 1451 897 1529 gen / ſo des Teuffelswerck geweſen / bekennt
49 1514 897 1587 vnd verjehen hat. Zů welchem end aber die⸗
54 1562 900 1652 alles auß Gottes des Himiliſchen Vat⸗
597 1629 614 1710 d
652 1634 694 1715 B
807 1624 904 1722 tirs
