1167 1996
294 129 352 196 55
397 119 962 184 Von verblendung der
286 172 1123 241 ters verhengnuß / der boͤſe Feind angerichtet
288 234 1117 301 habe / wirt in volgendem Bůch / ſampt aller
286 287 1118 354 dergleichen Jungkfrawen curation / ange⸗
284 345 1117 417 zeigt werden. Es hat auch ein boͤſer Geiſt die
284 399 1117 472 Cloſterfrawen in Heſſimonte Neomagij et⸗
281 455 1112 527 liche jar vmbgetrieben / denn er nachts auff
279 515 1117 575 den Doꝛmenter kam / mit einem gethoͤß wie
281 568 1115 642 ein ſturmwind / daſelbſt er hin vnnd wider
284 627 1118 695 gieng / vnnd als auff einer Lauten oder Har⸗
283 680 1117 756 pffen ſo lieblichen ſpilet / daß es kein wunder
278 736 1118 801 were geweſen / wenn ſchon die gůͤten Schwe
279 791 1118 864 ſterlein ein fuͤßlein zu erſchwencken geluſtet
278 848 1115 921 hette: Auff ſolches ſprang er wie ein Hund
276 903 1117 974 in einer Bett / welche des Muti peccati ver⸗
276 966 1117 1024 dacht was. Sonſt ſind noch viel dergleichen
273 1019 1117 1081 vnd noch grauſamere ding / eben inn dieſem
273 1071 1115 1137 Cloſter / weil Vatter Paulus noch im leben
278 1127 1115 1200 geweſt / fuͤrgegangen / dieweilaber ſie ſelbſt
274 1184 1113 1259 ſolche verhalten / ſchicket es ſich nicht / daß ſie
273 1247 1108 1310 vonn mir an den tag gebracht werden. Ich
274 1297 1113 1360 weiß ſonſt noch ein verzuͤmptCloſter inCoͤl⸗
274 1353 1112 1425 ner gebiets anſtoͤſſen gelegen / inn welchem
271 1412 1110 1475 vor acht jaren ein boͤſer Geiſt / inn eines
274 1465 1113 1538 Hundes geſtalt herfuͤr lieff / den Nunnen vn
273 1523 1112 1588 der das hembd ſchleich / vñ ſpurcilsime ve⸗
274 1580 1110 1660 lirationis an den kleidern / ſo er beweg / an⸗
279 1633 526 1728 igung gab.
1013 1633 1107 1718 Ein
