1180 1997
89 106 885 179 boͤſen Geiſter / Das lIl. Buch. z
86 158 888 237 Ein Teuffels vexation / im Cloſter zu Ben⸗
39 214 888 289 rorp fuͤrgegangen / vnnd den Hexen oder Vn⸗
41 261 885 341 holden zůgeſchrieben: Sampt etlichen ande⸗
43 311 670 391 ren hieher dienenden geſchichten.
218 362 655 432 Das neundte Capitel.
168 421 888 509 Jeher gehoͤren auch die grauſammen
156 487 890 560 vielfaltigen conuulſiones / vonn dem
63 540 883 615 LS Teuffel erweckt / an etlichen Edlen /
46 592 890 680 vnd ſonſt andern Jungkfrawen in dem Clo⸗
49 649 885 733 ſier Kentoꝛp / wie denn ſolches im erſtē bůch /
46 707 887 792 am 1i. Capitel beſchrieben iſt / dieſen gieng
46 762 888 847 auß jrem munde ein treffenlicher wuͤſter a⸗
49 823 887 905 them / weil ſie jr wehe hatten / vnd ein wenig
49 885 887 960 darnach: ſie hattens aber gewonlich zum tag
53 933 893 1011 ein mal / wiewol vnderweilen oͤffter / wehret
51 985 893 1075 auch zu zeiten etliche ſtund lang / Etliche a⸗
53 1046 890 1124 ber auß inen / wenn ſie das wehe anſtieß / wa⸗
53 1100 887 1178 ren ſie nichts deſto mind bey gůͤter vernůfft /
54 1163 893 1241 hoͤreten zů was man redete / vnnd nach dem
54 1214 893 1298 es nachgelaſſen / zeigetens an / ſie hetten alle
56 1268 895 1351 vmbſtender vnd zůͤſeher wol gekennct / denn
59 1329 898 1412 ſie angehends des Paroxiſmi propter ſpi⸗
58 1382 902 1461 ritalium partium S linguꝛ conuullio⸗
58 1439 902 1514 nes nit wol reden kondten. Sie waren nicht
63 1492 900 1575 gleichlich gepeiniget / ſonder eine etwas mil⸗
61 1551 898 1680 tar dendicander Jodochſowar dasjnenge
788 1620 900 1705 m-
