1170 1996
287 119 965 192 d Von verblendung der
287 177 1125 246 Paroxyſmo redete / gienge es nicht anderſt
282 236 1121 307 ab / denn als ob jrs jemands anders einblieſ⸗
282 289 1120 369 ſe: Hie zwiſchē aber verſtůnde ſie ſich ſelber /
282 350 1123 414 ſo bald aber die red geendet / vergaß ſie aller
281 400 1123 475 worten / vñ ſo ſie von andern derſ elbigē erin⸗
279 459 1121 533 nert / gedacht ſie wol widerumb daran / ſche⸗
279 520 1118 590 met ſich aber / vñ hette moͤgen leiden / daß ſie
279 570 1115 640 es nie geredt hette. Wenn ſie betten wolt /
277 630 1116 706 kundt ſie es mit keinem ernſt vnd andacht zu
276 680 1118 760 wegen bringen / oder auch die zungen darzů
276 738 1116 816 brauchen / ſo vnruͤwig machet ſie der boͤſe
274 791 1118 864 Geiſt. Weñ ſie aber jre veroꝛdneten / vnd in
272 853 1115 926 die ſtunden außgetheileten gebetlein / one an
272 913 1116 983 dacht / oben anhin murmlet / ward ſie nicht
271 961 1115 1034 allein daran nicht verhindert / ſondern es be⸗
269 1019 1111 1096 daucht ſie auch / wie jr etwas liberung vñ er⸗
271 1076 1113 1146 getzung daruon wuͤrde. VVber das hat ſie gar
269 1137 1108 1207 keinē ding / mit ernſt vnd fleiß / es were gleich
266 1185 1111 1260 gůt oder boͤß / nachtrachten koͤñen / gleich als
261 1245 1108 1312 ob ſie erſtaunet / one allen verſtand vund vr⸗
261 1297 1105 1375 theil were. Wenn vnderweilen ein frommer
262 1353 1105 1430 Gottergebner menſch jr zůſprach / ward ſie
261 1415 1101 1485 von dem Teuffel hertiglich gepeiniget / aber
259 1473 1106 1538 wenn etwan die vberigen Weiblein / von toͤ⸗
256 1526 1105 1598 richten / laͤcherlichen ſachen mit jr ſpꝛach hiel
256 1580 1105 1668 / ward ſie vber die maß daruon erfreu⸗
1018 1648 1103 1721 wet
