<?xml version="1.0" encoding="UTF-8"  standalone="yes"?>
<PcGts xmlns="http://schema.primaresearch.org/PAGE/gts/pagecontent/2019-07-15" xmlns:xsi="http://www.w3.org/2001/XMLSchema-instance" xsi:schemaLocation="http://schema.primaresearch.org/PAGE/gts/pagecontent/2019-07-15 http://schema.primaresearch.org/PAGE/gts/pagecontent/2019-07-15/pagecontent.xsd">
  <Metadata externalRef="https://content.staatsbibliothek-berlin.de/dc/813172837-0083/full/full/0/default.jpg">
	<Creator>escriptorium</Creator>
	<Created>2023-03-06T11:57:45.160055+00:00</Created>
        <LastChange>2023-03-06T11:57:45.160089+00:00</LastChange>

  </Metadata>
  <Page imageFilename="82_132f6_default.jpg" imageWidth="1180" imageHeight="1997">

    
    <TextRegion id="eSc_textblock_d9aa93e8"  >
      <Coords points="119,106 682,106 900,133 887,1695 697,1695 669,1649 575,1642 39,1635 39,199 119,106"/>
      
      
      <TextLine id="eSc_line_ce4e67f3" >
        <Coords points="857,128 840,124 823,123 807,121 790,119 782,118 767,118 763,116 760,114 757,114 740,113 723,111 717,109 705,114 700,116 699,114 685,106 674,106 657,106 640,106 624,106 607,106 590,106 574,106 557,106 550,106 530,111 507,118 492,111 480,106 474,106 457,106 441,106 424,106 422,106 419,109 414,114 406,109 397,106 391,106 374,106 357,106 351,106 337,109 319,113 302,108 296,106 291,106 274,106 266,106 261,108 226,118 203,106 191,106 174,106 158,106 141,106 124,106 108,116 109,166 109,179 627,179 627,178 635,178 702,169 885,176 888,161 862,128 857,128"/>
        <Baseline points="109,166 888,161"/>
        <TextEquiv>
          <Unicode>boͤſen Geiſter / Das lIl. Buch. a</Unicode>
        </TextEquiv>
      </TextLine>

      
      
      <TextLine id="eSc_line_7dc2f55c" >
        <Coords points="44,189 44,221 44,231 888,227 890,218 883,166 847,174 752,168 727,166 725,166 723,166 722,166 722,168 720,168 713,176 612,176 542,169 474,166 472,166 471,166 469,166 469,168 467,168 466,171 461,176 361,173 219,168 218,168 178,176 171,176 168,176 149,168 148,168 146,168 144,168 111,176 109,176 108,176 86,168 84,168 83,168 81,168 58,173 44,189"/>
        <Baseline points="44,221 890,218"/>
        <TextEquiv>
          <Unicode>wet vnnd beluſtiget. Als ſie volgender zeit</Unicode>
        </TextEquiv>
      </TextLine>

      
      
      <TextLine id="eSc_line_a558679f" >
        <Coords points="46,279 46,291 887,289 888,274 885,229 59,224 58,224 56,224 54,224 44,229 46,279"/>
        <Baseline points="46,279 888,274"/>
        <TextEquiv>
          <Unicode>beſchworen ward / hat ſie ein vnſegliche men</Unicode>
        </TextEquiv>
      </TextLine>

      
      
      <TextLine id="eSc_line_af86b76d" >
        <Coords points="850,276 848,276 847,276 845,276 845,277 837,284 612,277 610,277 609,277 607,277 595,286 595,287 524,287 524,286 469,277 467,277 466,277 464,277 452,287 449,287 436,287 342,279 341,279 339,279 314,287 311,289 49,289 51,336 51,354 94,346 221,351 256,352 257,352 259,352 264,351 279,344 296,351 304,352 306,352 307,354 411,354 411,352 412,352 414,352 414,351 419,347 422,344 480,346 579,351 580,351 582,351 584,351 590,344 594,342 607,344 662,351 664,351 665,351 687,342 692,341 723,342 877,349 878,349 880,349 882,349 890,341 890,329 888,286 852,276 850,276"/>
        <Baseline points="51,336 890,329"/>
        <TextEquiv>
          <Unicode>ge blůts / als es ſich anſehen ließ / zů dem mů⸗</Unicode>
        </TextEquiv>
      </TextLine>

      
      
      <TextLine id="eSc_line_b8c6572d" >
        <Coords points="48,391 48,402 887,396 888,386 885,344 808,334 807,334 805,334 787,342 389,336 387,336 386,336 369,344 352,336 351,336 349,336 347,336 327,344 322,346 319,344 299,337 297,337 296,337 46,344 48,391"/>
        <Baseline points="48,391 888,386"/>
        <TextEquiv>
          <Unicode>de außgegeben / daher ſie aber dazumal kei⸗</Unicode>
        </TextEquiv>
      </TextLine>

      
      
      <TextLine id="eSc_line_7d864278" >
        <Coords points="49,447 49,459 887,455 888,442 885,401 620,391 619,391 617,391 615,391 602,401 364,392 362,392 361,392 324,402 138,394 136,394 134,394 106,402 86,394 84,394 83,394 81,394 48,404 49,447"/>
        <Baseline points="49,447 888,442"/>
        <TextEquiv>
          <Unicode>nes ſchmertzens entpfunden hat . Es be⸗</Unicode>
        </TextEquiv>
      </TextLine>

      
      
      <TextLine id="eSc_line_6c7501a9" >
        <Coords points="847,444 845,444 772,454 752,444 750,444 748,444 702,452 644,444 642,444 640,444 605,455 604,455 600,455 545,445 544,445 456,455 452,455 447,455 372,445 371,445 369,445 352,454 292,447 291,447 289,447 287,447 287,449 279,455 277,457 262,455 174,447 173,447 46,455 48,502 48,522 888,512 890,497 888,455 848,444 847,444"/>
        <Baseline points="48,502 890,497"/>
        <TextEquiv>
          <Unicode>duncket auch dieſe beſeſſenen Weiber alle⸗</Unicode>
        </TextEquiv>
      </TextLine>

      
      
      <TextLine id="eSc_line_84d78536" >
        <Coords points="51,562 53,579 74,570 261,575 322,577 324,577 883,565 885,557 882,510 738,502 737,502 735,502 733,502 723,512 654,512 645,504 645,502 644,502 642,502 640,502 639,502 604,512 602,512 600,512 487,504 485,504 484,504 462,512 452,504 451,504 449,504 447,504 396,512 337,504 336,504 334,504 312,514 284,505 282,505 111,505 109,505 108,505 91,514 61,505 59,505 58,505 56,505 54,505 54,507 53,507 49,510 51,562"/>
        <Baseline points="51,562 885,557"/>
        <TextEquiv>
          <Unicode>ſampt / wiewol ſie nicht aller ding gleich ge⸗</Unicode>
        </TextEquiv>
      </TextLine>

      
      
      <TextLine id="eSc_line_ce7b20c7" >
        <Coords points="279,562 48,572 49,617 49,629 887,624 887,610 883,567 281,562 279,562"/>
        <Baseline points="49,617 887,610"/>
        <TextEquiv>
          <Unicode>peiniget wurden / jhnen weren die ſolen der</Unicode>
        </TextEquiv>
      </TextLine>

      
      
      <TextLine id="eSc_line_81e1026b" >
        <Coords points="48,672 48,687 883,678 885,668 882,625 46,619 48,672"/>
        <Baseline points="48,672 885,668"/>
        <TextEquiv>
          <Unicode>fuͤſſe mit heiſſem waſſer verbrennt woden.</Unicode>
        </TextEquiv>
      </TextLine>

      
      
      <TextLine id="eSc_line_bc42ce4c" >
        <Coords points="768,670 743,678 742,680 564,680 559,680 522,672 520,672 446,680 426,682 406,680 329,673 327,673 51,682 53,732 53,742 154,748 156,748 214,742 224,740 233,740 274,748 276,748 277,748 299,740 301,740 327,748 329,748 331,748 372,740 379,738 382,740 401,747 402,747 404,747 444,738 446,738 447,738 456,747 457,747 459,747 461,747 462,747 490,738 497,737 505,738 545,745 547,745 585,737 590,737 602,745 604,745 605,745 607,745 885,733 887,722 883,678 792,678 783,670 768,670"/>
        <Baseline points="53,732 887,722"/>
        <TextEquiv>
          <Unicode>Vnd welchs ſich denn nicht weniger zů ver⸗</Unicode>
        </TextEquiv>
      </TextLine>

      
      
      <TextLine id="eSc_line_22ce7c3d" >
        <Coords points="46,785 46,797 882,800 885,780 880,728 44,733 46,785"/>
        <Baseline points="46,785 885,780"/>
        <TextEquiv>
          <Unicode>wundern / ob ſie gleich auff viel vnnd man⸗</Unicode>
        </TextEquiv>
      </TextLine>

      
      
      <TextLine id="eSc_line_4773c706" >
        <Coords points="48,842 48,850 229,860 231,860 233,860 274,850 454,858 456,858 535,848 620,857 622,857 624,857 642,848 672,857 674,857 675,857 758,847 855,855 857,855 858,855 885,843 885,835 883,793 850,783 848,783 847,783 845,783 827,792 705,783 704,783 702,783 672,793 660,785 659,785 657,785 655,785 654,785 652,785 640,793 560,787 559,787 437,795 254,787 252,787 251,787 219,797 68,788 66,788 64,788 46,797 48,842"/>
        <Baseline points="48,842 885,835"/>
        <TextEquiv>
          <Unicode>cherley geſtalt gepeiniget warden / hatten ſie</Unicode>
        </TextEquiv>
      </TextLine>

      
      
      <TextLine id="eSc_line_b486ae5e" >
        <Coords points="46,898 46,908 875,911 878,895 875,842 497,842 495,842 494,842 474,847 457,850 347,848 93,843 91,843 44,852 46,898"/>
        <Baseline points="46,898 878,895"/>
        <TextEquiv>
          <Unicode>nichts deſio weniger die begird nach ſpeiß</Unicode>
        </TextEquiv>
      </TextLine>

      
      
      <TextLine id="eSc_line_f6c45887" >
        <Coords points="46,953 46,963 880,960 882,950 880,908 853,898 852,898 850,898 848,898 847,898 832,906 617,898 615,898 614,898 580,906 529,898 527,898 462,908 452,900 451,900 449,900 447,900 446,900 444,900 431,908 271,900 269,900 267,900 266,900 251,910 159,910 136,900 134,900 133,900 44,910 46,953"/>
        <Baseline points="46,953 882,950"/>
        <TextEquiv>
          <Unicode>vnnd tranck / namen auch wol daruon zů.</Unicode>
        </TextEquiv>
      </TextLine>

      
      
      <TextLine id="eSc_line_ee4579ac" >
        <Coords points="760,951 743,951 727,951 710,951 708,951 689,958 622,951 610,951 594,951 544,960 441,953 427,953 411,953 407,953 399,961 272,961 242,953 241,953 239,953 191,963 174,955 173,955 53,955 51,955 49,955 48,955 48,956 46,956 44,958 46,1011 46,1023 883,1016 885,1003 882,958 775,951 760,951"/>
        <Baseline points="46,1011 885,1003"/>
        <TextEquiv>
          <Unicode>Auß den juͤngern aber / ſo nicht wol beyſin⸗</Unicode>
        </TextEquiv>
      </TextLine>

      
      
      <TextLine id="eSc_line_018f0d9e" >
        <Coords points="44,1066 46,1085 71,1076 444,1083 449,1083 451,1083 452,1083 454,1083 467,1075 885,1081 888,1063 885,1016 462,1010 461,1010 427,1018 421,1020 43,1020 44,1066"/>
        <Baseline points="44,1066 888,1063"/>
        <TextEquiv>
          <Unicode>nen / redet der Teuffel aller meiſt / welchen</Unicode>
        </TextEquiv>
      </TextLine>

      
      
      <TextLine id="eSc_line_c28919ff" >
        <Coords points="877,1073 742,1065 725,1065 708,1065 707,1065 667,1075 615,1065 614,1065 612,1065 610,1065 610,1066 600,1075 512,1066 510,1066 432,1076 421,1068 419,1068 417,1068 296,1066 294,1066 292,1066 246,1078 103,1068 101,1068 43,1080 44,1124 44,1139 675,1139 675,1138 677,1138 679,1138 705,1129 885,1136 888,1118 887,1113 877,1073"/>
        <Baseline points="44,1124 888,1118"/>
        <TextEquiv>
          <Unicode>er denn auch offtermals vorſchwebet / inn</Unicode>
        </TextEquiv>
      </TextLine>

      
      
      <TextLine id="eSc_line_537f7e63" >
        <Coords points="46,1178 46,1191 885,1191 887,1173 882,1124 44,1126 46,1178"/>
        <Baseline points="46,1178 887,1173"/>
        <TextEquiv>
          <Unicode>der geſtalt einer ſchwartzen Katzen / oder</Unicode>
        </TextEquiv>
      </TextLine>

      
      
      <TextLine id="eSc_line_cf765bfe" >
        <Coords points="46,1236 46,1248 885,1238 887,1229 882,1179 783,1184 755,1181 723,1176 722,1176 720,1176 718,1176 713,1181 710,1184 700,1181 680,1176 679,1176 677,1176 635,1183 610,1186 572,1183 494,1178 492,1178 490,1178 489,1178 489,1179 482,1184 480,1188 386,1188 384,1186 377,1181 377,1179 376,1179 374,1179 307,1179 306,1179 229,1181 228,1181 226,1181 218,1189 216,1189 206,1189 86,1183 84,1183 44,1191 46,1236"/>
        <Baseline points="46,1236 887,1229"/>
        <TextEquiv>
          <Unicode>vorgemelten Elſa / jrer Můutter / Brůder ꝛk.</Unicode>
        </TextEquiv>
      </TextLine>

      
      
      <TextLine id="eSc_line_0d8ff8dc" >
        <Coords points="44,1293 44,1306 885,1306 887,1288 883,1244 753,1244 753,1243 743,1234 742,1234 740,1234 738,1234 625,1243 600,1244 585,1243 534,1236 532,1236 530,1236 515,1243 512,1244 504,1243 471,1236 469,1236 402,1243 379,1244 366,1243 329,1236 327,1236 326,1236 324,1236 317,1243 314,1244 311,1243 306,1238 304,1238 302,1238 301,1238 43,1241 44,1293"/>
        <Baseline points="44,1293 887,1288"/>
        <TextEquiv>
          <Unicode>damit felſchlich / daß ſie all von jnen ſo grau⸗</Unicode>
        </TextEquiv>
      </TextLine>

      
      
      <TextLine id="eSc_line_1d45902d" >
        <Coords points="44,1349 44,1362 887,1356 888,1344 885,1301 723,1301 723,1299 715,1293 715,1291 713,1291 712,1291 710,1291 589,1299 549,1303 479,1303 475,1299 469,1293 467,1293 466,1293 464,1293 462,1293 461,1293 452,1298 447,1303 367,1303 361,1298 354,1293 352,1293 351,1293 349,1293 347,1293 329,1298 312,1303 43,1298 44,1349"/>
        <Baseline points="44,1349 888,1344"/>
        <TextEquiv>
          <Unicode>ſam gepeiniget / glaubt wurde. Nach dem</Unicode>
        </TextEquiv>
      </TextLine>

      
      
      <TextLine id="eSc_line_16677002" >
        <Coords points="44,1406 44,1414 209,1424 211,1424 213,1424 252,1414 256,1414 271,1414 454,1422 456,1422 457,1422 459,1422 469,1412 471,1412 474,1412 507,1421 509,1421 887,1411 887,1399 883,1354 43,1352 44,1406"/>
        <Baseline points="44,1406 887,1399"/>
        <TextEquiv>
          <Unicode>aber letſtlich dieſe Anna jhr gentzlichen fuͤr⸗</Unicode>
        </TextEquiv>
      </TextLine>

      
      
      <TextLine id="eSc_line_57097ebe" >
        <Coords points="48,1461 48,1474 887,1471 888,1457 885,1414 101,1407 99,1407 46,1416 48,1461"/>
        <Baseline points="48,1461 888,1457"/>
        <TextEquiv>
          <Unicode>genommen hat / ſie wolte nimmermehr inn</Unicode>
        </TextEquiv>
      </TextLine>

      
      
      <TextLine id="eSc_line_a75f6dfd" >
        <Coords points="732,1459 674,1467 670,1467 654,1467 264,1462 262,1462 43,1471 44,1517 44,1534 885,1522 887,1511 883,1467 733,1459 732,1459"/>
        <Baseline points="44,1517 887,1511"/>
        <TextEquiv>
          <Unicode>das Cloſter / darauß ſie denn ein mal jre El⸗</Unicode>
        </TextEquiv>
      </TextLine>

      
      
      <TextLine id="eSc_line_c3eb8134" >
        <Coords points="44,1575 44,1589 758,1589 758,1587 760,1587 762,1587 775,1579 883,1587 887,1569 885,1526 862,1516 860,1516 858,1516 857,1516 840,1524 742,1516 740,1516 738,1516 737,1516 727,1526 649,1526 525,1517 524,1517 522,1517 505,1526 482,1517 480,1517 479,1517 477,1517 475,1517 459,1527 324,1519 322,1519 176,1529 54,1522 53,1522 51,1522 49,1522 43,1527 44,1575"/>
        <Baseline points="44,1575 887,1569"/>
        <TextEquiv>
          <Unicode>tern gefuͤhret hatten / ſondern auſſerhalb</Unicode>
        </TextEquiv>
      </TextLine>

      
      
      <TextLine id="eSc_line_7085ce50" >
        <Coords points="44,1630 44,1649 109,1649 116,1650 153,1660 154,1660 156,1660 158,1660 178,1654 204,1664 206,1664 208,1664 209,1664 211,1664 228,1650 233,1647 261,1647 267,1650 284,1662 286,1662 287,1662 289,1662 344,1660 346,1660 347,1660 359,1650 361,1650 362,1650 436,1660 437,1660 439,1660 441,1660 441,1659 451,1650 457,1645 480,1650 507,1655 509,1655 510,1655 529,1650 550,1645 574,1650 610,1659 612,1660 699,1660 699,1659 700,1659 702,1659 702,1657 708,1650 717,1642 737,1650 738,1650 740,1652 740,1650 742,1650 763,1642 883,1650 887,1622 883,1582 833,1572 832,1572 830,1572 828,1572 817,1580 768,1572 767,1572 722,1580 713,1584 625,1584 622,1580 612,1574 610,1574 609,1574 557,1574 555,1574 554,1574 552,1574 552,1575 550,1575 547,1580 544,1585 444,1585 439,1580 432,1575 431,1575 429,1575 427,1575 387,1580 344,1585 43,1580 44,1630"/>
        <Baseline points="44,1630 887,1622"/>
        <TextEquiv>
          <Unicode>demſelbigen jrem Gott vnd Hermn / mit be⸗</Unicode>
        </TextEquiv>
      </TextLine>

      
      
      <TextLine id="eSc_line_d95294ef" >
        <Coords points="700,1685 700,1710 763,1710 765,1710 767,1710 775,1705 793,1694 882,1694 883,1682 880,1639 712,1632 710,1632 708,1632 707,1632 699,1637 700,1685"/>
        <Baseline points="700,1685 883,1682"/>
        <TextEquiv>
          <Unicode>ſonderm</Unicode>
        </TextEquiv>
      </TextLine>

      
    </TextRegion>
    

    
  </Page>
</PcGts>
