1177 1997
293 128 372 194 64.
397 119 1008 194 Von verblendung der
293 174 1137 246 ſonderm vrtheil / froͤmbklich / vnnd mit aller
293 232 1137 299 keuſchheit zu dienen / hat offtgemelter jamer
293 289 1137 359 an jr nachgelaſſen / vnd wenn jr vnderweilen
293 342 1137 419 von der Eptiſſin nicht mehꝛ denn ein zede⸗
291 401 1135 467 lein geſchꝛben ward / zittert ſie wie ein aſpen
288 464 1135 529 laub an allem leib / gleich als ob ſie jr altes we
289 512 1133 590 he widerumb anſtoſſen wolte. Vber das al⸗
288 567 1132 635 les ſagt ſie mir / wie auch die Elſa ſelbſt dieſe
288 625 1127 700 plag / dem fallendē ſiechtag nicht vnehulich /
284 683 1132 750 ankomen were / welche gleich wie die vbrigē /
286 737 1128 812 ohn allen verſtand geredt habe. Sie habe es
284 792 1128 870 jr aber ſelbs angethan / wie die Nunnen ver⸗
284 848 1130 916 meinten / darmit man ſie deſter minder im
286 905 1128 978 zieg hette. Auß diſem allem erfolgt / daß die⸗
283 960 1127 1036 ſe / vom boͤſen Geiſt beſeßnen vnd gepeinig⸗
279 1016 1127 1085 ten Cloſterweiblein / jre plag / nit dem willen
281 1073 1127 1146 Gottes / vnd dem Sathan ſeinem Inſtru⸗
279 1129 1125 1198 ment / ſonder Elſa der Koͤchinen in dem Clo
279 1184 1123 1261 ſter zůͤſchꝛeiben. Dieweil jhnen aber voꝛab /
279 1246 1123 1316 wie voꝛ angezeigt / auch der rathsgefragt
279 1298 1122 1369 warſager / dieſelbige angegeben hat. Als ſie
278 1354 1123 1422 nun aber deßhalben gefangen / vnnd pein⸗
274 1409 1123 1486 lich darob befragt ward / hat ſie zů dem er⸗
276 1466 1123 1542 ſten bekannt vnnd verjehen / ſie habe dieſen
274 1524 1122 1597 jammer angerichtet / vnnd das mit etwas
274 1579 1120 1669 giffts / ſo ſie vnder einander vermiſcht / zů⸗
978 1645 1118 1724 wegen
