1177 1997
302 93 990 158 ss Von verblendung der
304 148 1147 218 lauffen: Was woͤllen wir nun anfahen / der
309 206 1147 276 Predicant vnterſtehet vnns außzutreiben?
306 261 1147 331 Darauff der ander geantwortet: Er woͤlle
306 317 1148 391 auff einem ſchwartzen Bock reiten / etwan
307 374 1150 441 zu einer Frawen / nicht weit von daůen won
307 432 1152 495 hafft / welche er auch mit jrem nammen nen
307 487 1150 554 net / vnnd anzeiget / er wuͤrde jhr ein werder
312 542 1152 609 Gaſt ſein / darmit er ſie des Hexenwercks
307 597 1153 670 verdacht machte. Da ſprach jhener wider⸗
309 654 1153 725 umb / er were gleiches vorhabens / denn er
311 708 1152 785 wolte auch eben auff demſelbigen Pferd zů
311 773 1147 838 einer andern / welche er / aus gleicher vrſach
311 820 1153 893 nennet / traben. Als ſie nun beyde / wie die
316 877 1153 951 Narren / gritlingen auff dem ſtul ſaſſen / be⸗
314 936 1152 998 duncket ſie / wie mans denn an jren worten /
314 993 1153 1053 weſen vnnd geberden abnemmen konte / als
314 1045 1157 1118 ob ſie zů vorgemelten Weibern ritten / ſo ſie
314 1101 1155 1174 doch nicht ab ſtatt kamen. Der dritt kuglet
317 1163 1155 1231 ſich ſelbs zuſammen / vnd bortzlet gegen der
314 1214 1155 1286 Kammerthuͤren / welche aber verſchloſſen
314 1271 1155 1344 war / vnnd als ſie ſich vnuerſehenlich eines
314 1324 1157 1397 mals auffthet / weltzet er ſich vnuerletzt die
319 1381 1155 1451 ſtiegen hinab. Es warden auch inn einen
321 1441 1157 1504 Dorff Houel genannt / etliche inn dieſem
319 1497 1155 1567 Spital kranck gefunden. Vnnd nicht weit
316 1551 1157 1637 daruon in einer andern Statt etliche Bur⸗
1083 1607 1143 1692 gei
