1182 1997
103 99 884 179 boͤſen Geiſtet / Das lIl. Buch. s7
41 166 880 239 ger angegriffen / aus welcher vrſach viel
41 226 872 294 Weiber gefenglich angenomen / vnnd noch
36 281 874 344 viel mehr des Hexenwercks gezigen wardē /
33 332 877 409 wie es denn in ſolchen Teuffels hendelen zu⸗⸗
38 389 875 467 gehe. In dieſe zal gehoͤrt auch ein geweihete
36 445 875 519 Jungfraw / ſo ich ſelber kuͤrtzlich Buſcidu⸗
33 504 877 574 eis in einem Cloſter bey Sanet Johans des
31 562 874 625 Teuffers Kirchen geſehen habe / welche von
28 617 874 683 dem Teuffel grawſamer geſtalt geſtoſſen
26 672 872 745 ward / der ſchlund / das ſie nicht ein biſſen eſ⸗
28 727 874 803 ſen kont / zuſammen gedruckt / die Zungen /
28 787 872 848 daß jhr zů reden nicht muͤglich / verhindert:
28 850 872 908 Ließ doch vnterweilen letherliche / etwan
26 898 872 968 auch grawſame erſchroͤckenliche wort lauf⸗
29 951 870 1025 fen. Es mag auch kuͤnlich hieher gezellt wer⸗
26 1010 865 1076 den / ein Magdlein / mir ſelber wol bekannt /
26 1071 869 1136 welches bey einer Edlen Jungfrawen in ei⸗
24 1119 870 1193 nem Cloſter dienet: Dieſen hat etwanein
28 1174 862 1251 Bawerßmann die Ehe verheiſſen / darnach
23 1234 869 1303 aber ein andere lieb gewunnen. Als die gut
24 1294 865 1359 Tochter ſolches vernommen hat / iſt ſie ſehr
23 1346 864 1416 trawrig worden. Vnd wie ſie / eben zur ſel⸗
23 1401 867 1467 ben zeit / auff ein halbe meil wegs vondem
24 1459 867 1526 Cloſter etwas geſchefft außzurichten hinge⸗
23 1512 867 1584 ſendet ward / iſt jr der boͤß Geiſt in eines huͤb⸗
26 1569 862 1664 ſchen Juͤnglings geſtalt entgegenkommen /
769 1629 867 1727 vnd
595 1635 664 1709 i
