1177 1997
312 119 1010 186 eVon verblendung der
304 176 1148 244 vnd ſich mit freundtlichem geſprech bey fhr
304 231 1148 294 eingelaſſen / aus anlaß / alle heimligkeitē des
307 287 1150 359 Bawren / auch alle geſprech / ſo mit einer an⸗
306 341 1148 409 dern gehabt / entdeckt hat / vnd als ſie hiemit
306 401 1148 470 zů einem engen ſteg kamen / hat er jhr das oͤl /
306 459 1145 527 ſo ſie an der hand tragē / darmit ſie deſto baß
306 517 1148 577 hinuber kommen moͤchte / abgenommen / vn
306 565 1148 637 jr hinůͤber geholffen / auch / daß ſie mit jhm
302 634 1148 693 ein wenig neben ſich / an ein bekannt ort ge⸗
304 680 1148 757 hen woͤlte / gebetten: Darauff ſie jhm geant⸗
302 738 1147 807 wortet / was ſie daſelbſt / dieweil es ein moſe⸗
306 792 1143 858 chtig / pfuͤtzechtig ort ſey / thun ſolte? Alſo iſt
301 850 1148 921 er in einem augenblick verſchwunden / ſie a⸗
299 908 1148 976 ber vbel erſchrocken / vnd in ein ohnmacht ge
304 965 1148 1033 fallen. Derhalben ſie aus befelch jrer Frau⸗
301 1025 1148 1083 wen / ſo mir wol bekannt / widerumb in das
297 1071 1148 1143 Cloſter gefuͤhret ward. Da ſie deñ als ob ſie
299 1133 1148 1199 von ſinnen kommen were / ſeltzame fliegende
296 1183 1145 1258 tauben hat / bekannt auch / daß ſie noch von
294 1248 1147 1306 dem Geiſt gepeiniget wuͤrde / er vnterſtůnde
296 1296 1147 1366 ſie auch vnterweilen zů dem fenſter auß hin⸗
296 1352 1147 1427 weg zu fůͤren. Nun iſt zwar dieſes erſchroͤck⸗
293 1409 1143 1482 lichen zufals kein andere vrſach geweſen / we
294 1464 1143 1531 der das ſinuen / trachten / vnd hertzliches trau
293 1529 1143 1595 ren / aus zů viel liebe entſtanden / welchen an⸗
294 1579 1142 1664 laß der Sathan zu vexiren vnnd verderben /
1065 1642 1137 1722 die
