1187 1997
84 133 875 198 boͤſen Geiſter / Daslll. Buch. s,
26 191 869 262 die gute Tochter / als bald angenomen hat.
24 246 869 309 Aber als ſie nachmalen zů dem Bawren in
24 306 867 376 die Ehe komen / iſt es aller dingen wol vmb
26 359 301 431 ſie geſtanden.
76 416 869 474 Von cinem / aus welchem man als er noch
24 464 869 527 im leben einen Hagel / nach ſeinem tode aber
26 510 872 575 Meſſer / Holtz / vnnd etwas eiſſenen werck⸗
28 557 474 617 zeugs genommen hat.
223 605 669 657 Das Zehende Capitel.
131 640 874 720 M Jarnach der Geburt Chriſti vn⸗
129 702 869 777 ſers Herꝛn / i 53 9. hat ſich / wie der hoch
144 762 874 833 gelehrt vnnd wolbeleſen Doctor Jo⸗
28 822 874 887 hannes Lang / der Durchleuchtigen / Hoch⸗
23 872 872 948 gebornen Fuͤrſten vnd Herren / Pfaltzgraf⸗
28 930 874 998 fen bey Rhein / Medicus / anzeigt / in einem
23 983 872 1058 Dorff Eyſtetter Biſthumbs / Fugenſtal ge⸗
21 1043 870 1113 nannt / ein ſach zugetragen / welche fuͤrwar
21 1098 870 1168 nicht gleublich / wenn nicht noch heutiges
21 1153 870 1223 tages viel glaubwirdiger Zeugen / ſo es mit
24 1211 869 1278 jren augen geſehen haben / vorhanden werē.
26 1266 872 1337 In dieſem Doꝛff war ein Bawrßmañ won
23 1323 870 1394 hafftig / mnit namen Huldrich Newſeſſer / di⸗
24 1381 870 1452 ſer / als er ein zeitlang auff der einen ſeiten
24 1439 869 1504 groſſes ſchmertzens entpfand / hat eins mals
21 1499 864 1559 einen eiſenen nagel zwiſchen haut vñ fleiſch /
21 1549 869 1622 welches aber daruon vngeletzt / ergriffen / den
28 1602 862 1687 hat jm der Chirurgus / ſo in gemeltem Doꝛff
566 1669 662 1739 c iij
749 1672 865 1750 Bad
