1177 1996
309 154 371 206 70
419 139 1007 204 Von verblendung der
307 191 1145 266 Bad hielt / mit dem ſcharſack heraus ge⸗
307 256 1147 322 ſchnitten: Der ſchmertzen aber ließ darumb
307 309 1148 372 nichts nach / ſonder ward von tag zů tag je
307 364 1148 435 lengerje ſtrenger. Derhalben / dieweil er den
309 422 1147 492 ſchmertzen zů enden kein ander mittel ſahe
309 475 1150 540 denn den Tod / hat er ein Meſſerlein erwie⸗
309 530 1147 600 ſchet / vnd jhm ſelbs die gurgel abgeſtochen.
309 587 1147 655 Als er nun am dritten tag hernach zů Grab
309 653 1148 713 getragen ward / waren zu gegen / Eucharius
306 695 1148 770 Roſenbader / von Weiſſenburg / im Bayer⸗
307 760 1148 826 land gelegen / vnd Hans von Ettenſtett / der
307 811 1148 876 Bader / welche in beyſein einer groſſe menge
312 866 1150 941 VVolcks den Ventriculum des abgeſtoꝛbene
309 926 1150 993 Bawrßmann auffgeſchnitten / vnd in dem⸗
307 981 1148 1046 ſelbigen ein langes / runds Holtz / vier ſtaͤhli⸗
307 1034 1148 1101 ne Meſſer / zum theil ſcharffſchneidig / zum
306 1092 1147 1157 theil aber wie ein Segen gezenlet / vnd zwey
307 1147 1150 1212 ſtuͤck eyſens werckzeugs / gantz ſcharff / deren
306 1210 1148 1272 ein jedes mehr denn ein ſpannen lang / darzu
306 1259 1147 1333 ein knupelten verwickelts haars gefunden
307 1314 1148 1388 vnd heraus genommen haben. Aber welches
307 1375 1150 1443 wiltu dich am allermeiſten in dieſem wun⸗
309 1430 1148 1500 derbarlichen handel verwundernē wie ſo viel
311 1483 1150 1558 vnd ſo groß eyſenwerck im Magen hat moͤ⸗
311 1541 1152 1610 gen behalten vnd eingeſchloſſen werden / o⸗
316 1596 1148 1681 der aber wie es doch ſey darein gebracht wor⸗
1043 1660 1145 1734 den
