1187 1997
94 126 875 198 boͤſen Geiſter / Das lll. Buch. 7
34 186 872 256 den? Zwar nicht anderer geſtalt denn durch
33 244 872 316 des Teuffels liſt / betrug vnd geſchwindig⸗
33 294 872 366 keit. Souiel der woꝛten Langif. Ich aber
34 351 872 422 doͤrffte ſagen / das weil Huldrich Newſeſſer
34 407 874 485 vorgemeldt / noch im leben geweſt / das ge⸗
38 467 872 542 ſchmetter in ſeinen Magen nicht gelegen /
34 522 875 595 wie deñ auch der Nagel / voꝛ dem auffſchnei⸗
36 579 874 652 den nicht wanlich in der Haut geſteckt ſeye.
38 642 877 703 Denn dieweil an ermelten orten / aus einem
34 687 877 768 boͤſen temperament / oder acrium humorum
38 747 872 818 affluxu / oder auch vberfluͤſſiger dempffen /
39 800 877 870 ein ſolcher ſchmertzen entſtehen moͤcht / wie
41 857 880 925 wir es denn an darmgicht vnd kruͤmmen er⸗
44 911 880 990 fahren / vnndaber der Kranck / oder die vmb⸗
44 968 884 1048 ſtender / oder auch beyde ein ſtarcken falſchen
43 1025 880 1098 wahn / es ſteckete etwas Hexenwercks hinder
43 1081 882 1158 der ſach / gefaſſet hetten / derhalben viel mehr
43 1136 884 1214 den boßhafftigen willen vnnd zugelaſſene
43 1194 875 1266 krafft des Teuffels vnd ſeines anhangs fach
44 1253 884 1328 ten / weder aber dem beyſtand Gottes / vnnd
46 1304 882 1384 ſeinem Allmechtigen gewalt / vertraweten /
48 1359 889 1442 ſindt ſie aus gerechtem / billichem Vrtheil
49 1417 889 1494 Gottes dem Sathan am narꝛenſeyl vmb⸗
49 1472 890 1552 her zufuͤhren / vbergeben worden / daß er / als
53 1529 893 1605 ſie das fleiſch / ſo voranhin hart vñ geſpañen
54 1585 893 1697 ſentwedersd materi halb ſoder aber das
840 1650 889 1715 ei
609 1642 717 1722 e iiij
