1167 1996
281 118 344 172 72
442 106 998 174 Von verblendung der
278 163 1122 224 es durchs Teuffels betrug alſo ſchein / auff⸗
279 212 1118 291 ſchneiden / einen Nagel: vnd da ſie darnach
278 267 1123 344 den Magen auch oͤffneten / vnd beſichtigten
278 326 1122 400 das vbrig geruͤmpel mit vnbegreifflicher ge⸗
276 380 1120 457 ſchwindigkeit / darein verſtoſſen hat / hiezwi⸗
274 437 1120 512 ſchen aber die augen der jenigen / ſo jhn auff⸗
274 497 1122 570 ſchnitten / verblendet / damit er den vnglau⸗
271 550 1123 618 ben / zů welchem end er denn dieſe Tragedi
273 608 1118 688 angefangen hat / in den hertzen der Zuſecher /
273 662 1118 741 ſterckte. Wie es denn mehrmalen zugeht /
273 725 1120 793 wenn man nemlich in fuͤrfallenden kranck⸗
274 776 1118 846 heiten / vnd andern vnfaͤllen / den verleſt / der
273 830 1122 908 ba warlich vnſerm gebreſten allemſammen
274 891 1120 958 helffen wil / vnd auch mag / trewloß an jhm
271 944 1120 1017 wirdt / vnd dem Teuffel zů viel gewalt vber
271 998 1118 1071 den Menſchlichen Leib / ſo eine edle Creatur
271 1056 1120 1132 Gottes ißt / zuleſt. So doch weit vber ſeinen
274 1114 1118 1190 gewalt iſt / eines geſchoͤpfts natur vnd weſen
268 1174 1118 1244 verwandlen / oder ein hart / ſcharpff ding / es
266 1220 1118 1300 ſey ja was es jier woͤlle / ſo viel groͤſſer / denn
266 1282 1118 1357 die Meatus oder genge in den leib ſindt / vn⸗
266 1337 1117 1410 uerletzlich vnd vnentpfindtlich hinein brin⸗
268 1397 1115 1472 gen moͤge / denn er / wie vormals weitleuffig
266 1448 1117 1526 bezeuget / den ſchlund / mit allen ſeinen kuͤn⸗
266 1506 1115 1578 ſten / nicht vmb ein haͤrlein weiter / denn wie
266 1561 1117 1668 franfenglich von Gotterſchaffen / von ein⸗
985 1626 1113 1701 auder
