1178 1997
89 106 886 179 boͤſen Geiſter / Das lIl. Buch. 73
34 161 888 234 ander ziehen mag. So aber jemandts kurtz⸗
36 222 886 289 umb vnd gentzlich vermeinete / es were ja der
34 274 886 342 eiſene Nagel vor der ſection / zwiſchen haut
34 329 886 406 vnd fleiſch / an dem oꝛt / da ſich denn der Bau
34 386 884 462 erßmann beklagt hat / gelegen / der ſage mit
36 442 884 517 doch vmb Gottes willen / wie derſelbige vn⸗
34 500 879 572 entpfindlich / auch haut vñ fleiſch vnuerletzt /
36 554 886 634 hinein bracht ſey worden? Item / nach dem
34 617 888 690 der Nagel / welcher denn / wie er meinet / ſei⸗
34 673 886 745 nes ſchmertzens ein vrſache / ſchon jetzunder
34 725 886 803 herausgeſchnitten ware / warumb denn der
38 778 886 860 ſchmertzen nicht hab nachgelaſſen? Dieweil
36 838 881 915 es bey den natuͤrlichen Meiſtern ein gantz
38 893 889 973 gemeiner Canon / vnnd vngezweiffelter be⸗
36 946 889 1020 werter Spruch iſt / So bald die vrſach zer⸗
39 1006 888 1086 geht / der Effect / vnd das / ſo aus der vrſach
36 1063 888 1141 entſpringt / nit mehr beſteh. Was aber nach
36 1118 891 1194 ſeinem Tod in dem auffgeſchnittenen Ven⸗
38 1171 891 1248 triculo iſt gefunden woꝛden / das hat ohn al⸗
36 1231 893 1303 len zweiffel der geſchwind Geiſt / weil ſie in
36 1286 891 1357 allem auffſchneiden warē / darein geſtoſſen.
39 1341 894 1422 Aber es ſaͤet der Teuffel durch ſolche ſachen
39 1399 894 1472 den Samen des vnfridens / vnd alles jam⸗
39 1457 894 1536 mers / ſo aus vnfriden entſtehen mag / wo er
43 1511 893 1590 geſicht / daß man gleich den aller nechſten /
48 1565 898 1675 leut dievnſchůldig ſindt / des Herenwercks
799 1622 896 1722 vnd
608 1635 668 1709 e
