1167 1996
279 146 352 207 94.
372 139 977 209 Von verblendung der
276 191 1105 269 vnd veruntrewens im zieg hat / vnnd auch
276 247 557 331 außgehen leſt.
326 327 1108 390 Das vnterweilen etliche wunderbarliche
278 377 1107 434 ding in eines Menſchen leib natůrlicher wci⸗
279 424 1107 492 ſe wachſſen / die man aber falſchlich dem Se⸗
279 472 670 540 xenwerck zu ſchreibt.
517 525 878 592 Das X I. Capitel.
356 578 1112 658 VVn dieſem allem ſey wie jhm ſmmer
392 642 1110 713 woͤlle / ſo wiſſen wir dennoch aus den
394 696 1113 765 weitberuͤmpten Medicis / Galeno vñ
274 750 1112 818 Cornelio Celſo / daß offtermals natuͤrlicher
273 806 1113 873 weiſe in den Steatomatis / atheromatis / vñ
274 861 1110 929 andern geſchweren / ſo das ſieiſch erfaulet /
274 919 1115 993 aus den zehen / faulen humoribus vnd zaͤſer⸗
273 974 1115 1042 linnen / ſo von der jmmerkochenden hitz er⸗
273 1031 1117 1096 trocknet / ſeltzame materien / den ſteinen / reib⸗
276 1086 1113 1161 ſteinen / ſand hafenſcherben / holtz / kolen / har /
278 1142 1117 1217 oͤltruͤſen nicht vngleich / vnd vom gemeinen
276 1202 1117 1270 vnuerſtendigen Mañ dem Hexenwerck zu⸗
278 1259 1112 1332 geleget werden / wachſſen. Es hat Doctor
276 1309 1118 1380 Solenander zů Lutzelburg / einer betagten
274 1367 1117 1437 Matronen / Hieronymi Lucheſmi / eines
276 1425 1115 1492 achtburges daſelbſt / Haußfrawen ein Ge⸗
274 1480 1113 1555 ſchwer curiert / mit welchem ſie zimlich lang
276 1536 1110 1606 war vmbgangen: vnnd als daſſelbige etlich
276 1590 1117 1686 tag offengeſtanden / hat er treffenlich viel
987 1650 1115 1721 dickes
