1178 1997
123 133 898 206 boͤſen Geiſter / Das lll. Buch. 75
56 188 901 264 dickes eyters heraus gezogen / vnd vnter an⸗
58 246 898 312 derm etwas weichs vnd zechs / welches / als
59 301 891 374 ers nicht kont heraus reiſſen / hat ers fleiſſig⸗
59 357 901 429 lich außgewaͤſchen. Vñ als ers nun heraus
64 414 896 492 gebracht / war es feuchtem flachs ſo gleich
61 470 898 540 vnnd aͤhnlich / daß man die krancke Perſon /
61 527 903 599 vnnd vbrigen vmbſtender kaum vberꝛeden
63 582 904 659 mocht / daß es nicht anders denn ein exere⸗
63 640 901 713 ment were / aus der ſchlemerigen materi /
63 692 909 765 durch die hitz in der langwirigen kranckheit
63 748 908 822 entſtanden. Denn ſie es alleſammen lieber
64 807 908 883 etwan eim altem Weibe zugeſchꝛibeu hettē.
71 860 906 945 Iſt nicht war / daß denen / ſo mit dem Arti⸗
66 918 909 990 culari morbo beladen / auß der cruda, relic
68 976 911 1048 cata, pituita, craſlo, terreſtrictz humore in
69 1031 914 1100 diflolubiliter impacto, reſolutis tenuori
68 1088 909 1158 bus partibus reibſtein / welche die Griechen
73 1148 904 1213 wαααe nehen / in den iuncturis herwachſſen /
71 1201 908 1279 vnd weñ ſchon ſolche materi hingenomen /
69 1259 898 1329 als bald ein ande an die ſtatt entſpꝛingtē Ich
74 1318 911 1394 hab auch drobē jren etlich angezogen / welche
73 1371 911 1449 nach langwirigē / ſtrengem hůſten / ſteinlein
74 1426 921 1499 außgeworffen haben / in dē netze / ſo die lebern
76 1491 921 1564 vmbgibt / ſindt etliche toͤdliche ſteinlein zim⸗
76 1537 921 1619 licher groͤß aus der Lebern außgeſchnitten
83 1595 921 1709 gefunden worden. So bin ich aih noch
824 1655 923 1739 inge⸗
