1167 1997
264 139 341 196 76
359 133 977 199 —Von verblendung der
263 189 1107 264 jngedenck / daß gleicher geſtalt einer aus dem
264 247 1100 319 jngeweid gegangen / vñ ein anderer ſo rauch
261 301 1102 376 farb / vñ eines gleichs lang / auß der Gallen /
261 354 1105 431 deßgleichen zween aus den Acetabulis ma⸗
259 412 1102 489 tricis ſindt außgehawen woꝛden. Es moͤgen
261 469 1100 539 aber ſolche ſtein an gemelten orten aus der
259 522 1102 604 vrſach / durch welche auch in den Nieren vñ
258 585 1097 659 der Blatern entſpringen / nemlich / durch
259 639 1103 713 die ſpeciem coctionis / welche die Griechen
258 695 1098 773 ixrusg nennen / auch dicker / ſchleimechtiger /
258 755 1102 820 frdiſcher feuchtigkeit / vnd fewriger hitz / wie⸗
254 802 1095 883 wol auch vnterweilen natuͤrlicher / jedoch
254 857 1098 941 ſolcher materi nicht gleichfoͤrmig / welche
254 921 1095 996 hitz dieſe feuchtigkeit bratet / zuſamen treibt /
251 980 1097 1046 vnd in ein harten ſtein verwandelt / welcher
249 1033 1098 1108 denn etliche mal gar mancherley wunderba⸗
248 1085 1097 1159 rer form vnd geſtalt bekommet. Galenus
248 1139 1097 1213 ſchreibt im ſechſten Bůch am dritten Capi⸗
248 1201 1095 1279 tel / de loc. affect. er habe ſelbs haar / welchs in
246 1251 1092 1334 dem harn von etlichen gegangen / geſehen /
248 1311 1093 1386 vnd habe angeſehen jr farb vnd gewicht glau
244 1366 1092 1446 ben geben denē / ſo da ſagten / daß ſolche haar
244 1427 1090 1502 aus dicker / zeher Materi / welche die hitz des
246 1479 1092 1559 Leibes erhitziget vnnd getrocknet hat / in den
248 1536 1092 1610 Venis entſtanden ſein. Was aber jhrer len⸗
246 1590 1090 1682 ge vrſach ſeye / moͤge er nicht wiſſen. In dem
977 1657 1087 1735 harn
