1178 1997
118 119 898 188 boͤſen Geiſter / Das lll. Buch. 77
56 174 899 244 harn deren / die Veneream luem haben / find
53 231 899 296 man offt kleine Thiexlein ſchwimmen / den
56 287 899 352 Ameiſſen nicht vngleich / oder denen / ſo ma
58 342 899 416 Sommers zeit im regenwaſſer ſich hin vnd
54 401 896 464 wider weltzen ſicht. Alexander Benedictus /
53 455 894 529 zeiget an im andern Buch Anathomicorů /
54 512 898 577 am 22. Capitel / daß den Weibßbildern der
53 569 894 635 Calculus inn der Veſie wenig zůͤ leid thůe /
51 625 901 693 denn allein der / ſo dem burſt oder gemachten
53 682 899 757 haar nicht vngleich / welcher denn nicht ohn
56 738 904 808 groſſen ſchmertzen aus Mieſechtiger mate⸗
53 797 904 865 ri darinnen wachſſet / henckt auch weiters da
49 850 904 921 ran daß etliche in dblattern dermaſſen hart
53 906 903 975 an einander wachſſen / daß ſie den Conchyli⸗
53 963 901 1028 is nicht vngleich ſindt. Der fuͤrtreffenliche
54 1021 903 1085 Medicus / Johannes Ennichius meldet / er
54 1078 904 1139 habe auch ctwas deren dingen an einer Ed⸗
54 1129 904 1201 len Frawen / ſo noch in leben / geſehen / wel⸗
53 1188 906 1261 che / als ſie lange zeit von den grien gepeini⸗
54 1244 904 1311 get ( denn jhr kein Artzet / auch nicht die aller
56 1301 906 1374 Gelehrteſten zů huͤlff mochten komen) has
54 1357 904 1426 ſie nach etlich Jaren zum erſten duͤnne wůl⸗
53 1416 906 1489 len / vnterweilen verwicklet / etlich mal lang
54 1471 908 1546 faden / weiß vnd zwifach / wie jn die Schnei⸗
54 1531 908 1604 der brauchen / ja das ſchier vngleublich / mit
54 1584 903 1669 knoͤpfflinen / als weun er zum nehen zuge⸗
794 1644 904 1717 richt
