1167 1997
273 113 329 169 78
456 106 988 178 Von verblendung der
271 164 1117 236 richt were / in dem harn voͤn jhr geben. Dar⸗
271 219 1117 292 nach als ſolches ein gute zeit gewehret / hat
274 277 1115 344 ſie ein dickere materi/ als ob ſie mit ochra ver
271 331 1113 402 miſchet / welchs nicht der wullen / ſondern
271 386 1107 467 viel mehr einer wullechtigen haut / wie ſich
273 442 1112 512 denn die Scidenwuͤrm mit ernehren ein⸗
274 499 1108 574 ſchlieſſen / gleich war / geharnet. Zů letzt /
271 562 1107 624 ſonſt viel andere ding / in ſondheit aber haar
269 619 1110 685 eines fingers lang / zum theil an beyden or⸗
273 668 1113 740 ten weiß / in d mitte aber ſchwartz / zum theil
271 730 1112 790 das widerſpiel / an den enden ſchwartz / am
271 777 1110 857 vbrigen theil weiß. Item / an einem theil
274 838 1107 903 gantz ſpitz / am andern aber kumpff / ſtarck⸗
268 893 1107 966 lechtig vnd wirig. Es hat gemelt Weib ſol⸗
266 958 1105 1013 cher wunderbarlicher materi ein gantzes lad
264 1005 1100 1076 lin voll mit jr gebracht / den Leuten gezeigt /
266 1060 1107 1129 vnd ein theil Ennichio geſchencket. Aber als
264 1116 1097 1188 mich die ſach anſicht / ſo iſt es wol muͤglich /
264 1179 1105 1244 wenn ſolche ding nicht von natur inn den
264 1228 1107 1301 Nieren oder blatern entſtanden / ſo iſt es ge⸗
261 1283 1103 1359 wiß / daß ſie der Teuffel jhren / weil ſie das
261 1342 1103 1417 waſſer abgeſchlagen / von jhres vnglaubens
258 1396 1093 1472 wegen / fuͤrgeworffen / vorab / wenn ſie ſich
258 1459 1102 1526 veruntrewet worden ſein / einen argwohn
259 1509 1097 1577 gefaſſet hat. Als vor etlich jaren mein guͤn⸗
261 1567 1100 1664 ber Herr / vnd trewer Collega/ Do⸗
1007 1629 1102 1707 ctor
