1178 1997
109 91 893 161 boͤſen Geiſter / Das IIl. Buch. „
43 153 893 221 etor Solenander / dem viel erfahrnen Me⸗
43 206 891 279 dico Doctor Gabrieln Fallopio / zů Piſen
43 264 888 331 in Italia / inn dem ſtudio der Medicin an⸗
48 321 889 396 hengig war / vnd ſie auff ein zeit mit einand
44 377 888 450 zů einē gutfercker von Luca ſich verfuͤgeten /
48 436 889 504 welche Fraw jmmerdar bawfellig / von ben
43 490 889 562 kruͤmen geplaget / vnnd in ſonderheit zů der
48 549 889 614 ſelbigen zeit / gar ſtreng daruon gepeinigt
44 607 886 668 ward / hat ſie in einem tag oder dreyen / nach
46 662 891 728 angewendter cur / als etwan manchs mittel
44 717 884 782 nach der Medicin aus weiſung gebraucht /
46 773 893 843 ein kuͤgelein / deſſen ſich niemandts verſehen
48 837 893 900 hette / oder mehr ein ſandſtein / nicht ſonders
51 883 884 958 ſchwer / eines Daubeneyes vngefehrlich
53 941 894 1015 groß / von jr gegeben / darauff deñ der ſchnier
51 1001 894 1061 tzen je lenger je mehr geringert / vñ ſie zů letzt
53 1056 896 1121 wider friſch vnd geſund worden iſt. Vnnd
53 1109 896 1183 als ſich deſſen menniglich verwundert / ſagt
56 1171 899 1239 Fallopius / es were auff ein zeit dem weitbe⸗
53 1223 894 1294 ruͤmbten Artzet Friſimelice / welchen auch
54 1278 898 1351 das kruͤmmen geplaget / vnnd ſonſt noch et⸗
56 1334 894 1409 wan einem gleicher geſtalt gegangen. Es
54 1389 901 1464 erzehlet auch Alexander imdritten Buch A⸗
56 1451 899 1519 nathomicorum / an dem neundten Capitel /
54 1504 903 1579 etliche wunderbarliche ſachen hicher dienſt⸗
58 1559 906 1644 lich / mit dieſen worten: Als auff ein zeit
826 1619 901 1695 ein
